
    <record>
      <header>
        <identifier>oai:balaiyanpus.jogjaprov.go.id:25</identifier>
        <datestamp/>
      </header>
      <metadata>
        <record xmlns="http://www.loc.gov/MARC21/slim" xmlns:xsi="http://www.w3.org/2001/XMLSchema-instance" xsi:schemaLocation="http://www.loc.gov/MARC21/slim http://www.loc.gov/standards/marcxml/schema/MARC21slim.xsd">
          <controlfield tag="001">YOGYA-02090000041998</controlfield>
          <datafield tag="001" ind1="#" ind2="#">
            <subfield code="$">YOGYA-02090000041998</subfield>
          </datafield>
          <controlfield tag="005">20141208124844.0</controlfield>
          <datafield tag="005" ind1="#" ind2="#">
            <subfield code="$">20141208124844.0</subfield>
          </datafield>
          <datafield tag="008" ind1="#" ind2="#">
            <subfield code="$">                                   ind  </subfield>
          </datafield>
          <datafield tag="035" ind1="#" ind2="#">
            <subfield code="a">0010-020900000041998</subfield>
          </datafield>
          <datafield tag="040" ind1="#" ind2="#">
            <subfield code="a">YOPDYOG</subfield>
          </datafield>
          <datafield tag="082" ind1="#" ind2="#">
            <subfield code="a">352.12</subfield>
          </datafield>
          <datafield tag="090" ind1="#" ind2="#">
            <subfield code="a">YOG 352.12 Yog P</subfield>
          </datafield>
          <datafield tag="111" ind1="#" ind2="#">
            <subfield code="a">YOGYAKARTA (Daerah Istimewa) Gubernur</subfield>
          </datafield>
          <datafield tag="245" ind1="#" ind2="#">
            <subfield code="a">Pertanggung Jawaban Akhir Tahun Kepala Derah Propinsi Daerah Istimewa Yogyakarta Tahun Anggaran 2001</subfield>
            <subfield code="b">Laporan Perhitungan Anggaran Pendapatan Dan Belanja Daerah</subfield>
          </datafield>
          <datafield tag="260" ind1="#" ind2="#">
            <subfield code="a">Yogyakarta</subfield>
            <subfield code="b">Pemda Prop. DIY</subfield>
            <subfield code="c">2002</subfield>
          </datafield>
          <datafield tag="300" ind1="#" ind2="#">
            <subfield code="a">26 Lembar</subfield>
            <subfield code="b">ilus.</subfield>
            <subfield code="c">29 cm.</subfield>
          </datafield>
          <datafield tag="650" ind1="#" ind2="#">
            <subfield code="a">Anggaran Pendapatan dan Belanja Daerah Yogyakarta</subfield>
          </datafield>
          <datafield tag="850" ind1="#" ind2="#">
            <subfield code="a">YOPDYOG</subfield>
          </datafield>
          <datafield tag="990" ind1="#" ind2="#">
            <subfield code="a">07-A/0023289</subfield>
          </datafield>
          <datafield tag="856" ind1="4" ind2="0">
            <subfield code="u">http://balaiyanpus.jogjaprov.go.id/opac/detail-opac?id=25</subfield>
          </datafield>
        </record>
      </metadata>
    </record>