
    <record>
      <header>
        <identifier>oai:balaiyanpus.jogjaprov.go.id:26</identifier>
        <datestamp/>
      </header>
      <metadata>
        <record xmlns="http://www.loc.gov/MARC21/slim" xmlns:xsi="http://www.w3.org/2001/XMLSchema-instance" xsi:schemaLocation="http://www.loc.gov/MARC21/slim http://www.loc.gov/standards/marcxml/schema/MARC21slim.xsd">
          <controlfield tag="001">YOGYA-02090000042075</controlfield>
          <datafield tag="001" ind1="#" ind2="#">
            <subfield code="$">YOGYA-02090000042075</subfield>
          </datafield>
          <controlfield tag="005">20141208124129.0</controlfield>
          <datafield tag="005" ind1="#" ind2="#">
            <subfield code="$">20141208124129.0</subfield>
          </datafield>
          <datafield tag="008" ind1="#" ind2="#">
            <subfield code="$">                                   ind  </subfield>
          </datafield>
          <datafield tag="035" ind1="#" ind2="#">
            <subfield code="a">0010-020900000042075</subfield>
          </datafield>
          <datafield tag="090" ind1="#" ind2="#">
            <subfield code="a">RT 378 Ind K</subfield>
          </datafield>
          <datafield tag="110" ind1="#" ind2="#">
            <subfield code="a">INDONESIA. Menteri Pendidikan dan Kebudayaan [Keputusan Nomor 0686/4/1991 Tentang...]</subfield>
          </datafield>
          <datafield tag="245" ind1="#" ind2="#">
            <subfield code="a">Keputusan menteri pendidikan dan kebudayaan Republik Indonesia nomor : 0686/U/1991 Tanggal 30 Desember 1991 tentang pedoman pendirian perguruan tinggi</subfield>
            <subfield code="c">/ Direktorat Jenderal Pendidikan Tinggi Departemen Pendidikan dan Kebudayaan</subfield>
          </datafield>
          <datafield tag="260" ind1="#" ind2="#">
            <subfield code="a">[s.l.]</subfield>
            <subfield code="b">Direktorat Jenderal Pendidikan Tinggi Departemen Pendidikan dan Kebudayaan</subfield>
            <subfield code="c">1992</subfield>
          </datafield>
          <datafield tag="300" ind1="#" ind2="#">
            <subfield code="a">21 hlm</subfield>
            <subfield code="b">ilus</subfield>
            <subfield code="c">21 cm</subfield>
          </datafield>
          <datafield tag="650" ind1="#" ind2="#">
            <subfield code="a">Pendidikan Tinggi - Peraturan</subfield>
          </datafield>
          <datafield tag="850" ind1="#" ind2="#">
            <subfield code="a">YOPDYOG</subfield>
          </datafield>
          <datafield tag="999" ind1="#" ind2="#">
            <subfield code="a">07-A/0023435</subfield>
          </datafield>
          <datafield tag="856" ind1="4" ind2="0">
            <subfield code="u">http://balaiyanpus.jogjaprov.go.id/opac/detail-opac?id=26</subfield>
          </datafield>
        </record>
      </metadata>
    </record>