
    <record>
      <header>
        <identifier>oai:balaiyanpus.jogjaprov.go.id:27</identifier>
        <datestamp/>
      </header>
      <metadata>
        <record xmlns="http://www.loc.gov/MARC21/slim" xmlns:xsi="http://www.w3.org/2001/XMLSchema-instance" xsi:schemaLocation="http://www.loc.gov/MARC21/slim http://www.loc.gov/standards/marcxml/schema/MARC21slim.xsd">
          <controlfield tag="001">YOGYA-02090000042091</controlfield>
          <datafield tag="001" ind1="#" ind2="#">
            <subfield code="$">YOGYA-02090000042091</subfield>
          </datafield>
          <controlfield tag="005">20240905100608</controlfield>
          <datafield tag="005" ind1="#" ind2="#">
            <subfield code="$">20240905100608</subfield>
          </datafield>
          <datafield tag="035" ind1="#" ind2="#">
            <subfield code="a">0010-020900000042091</subfield>
          </datafield>
          <datafield tag="008" ind1="#" ind2="#">
            <subfield code="9">0227s2002####yoia###g############ind#d</subfield>
          </datafield>
          <datafield tag="082" ind1="#" ind2="#">
            <subfield code="a">025.342 [22]</subfield>
          </datafield>
          <datafield tag="090" ind1="#" ind2="#">
            <subfield code="a">RQ 025.342 PRE</subfield>
          </datafield>
          <datafield tag="245" ind1="#" ind2="#">
            <subfield code="a">Press-ing issues local, national and international press articles often highlight issues, which are relevant to urban development in general and to the YUDP project in particular..</subfield>
          </datafield>
          <datafield tag="260" ind1="#" ind2="#">
            <subfield code="a">Yogyakarta :</subfield>
            <subfield code="b">Electrowatt Engineering,</subfield>
            <subfield code="c">2002</subfield>
          </datafield>
          <datafield tag="300" ind1="#" ind2="#">
            <subfield code="a">[149] hlm. :</subfield>
            <subfield code="b">ilus. ;</subfield>
            <subfield code="c">29 cm.</subfield>
          </datafield>
          <datafield tag="650" ind1="#" ind2="#">
            <subfield code="a">Guntingan (surat kabar, dsb.)</subfield>
          </datafield>
          <datafield tag="850" ind1="#" ind2="#">
            <subfield code="a">YOPDYOG</subfield>
          </datafield>
          <controlfield tag="007">ta</controlfield>
          <datafield tag="007" ind1="#" ind2="#">
            <subfield code="a"/>
          </datafield>
          <datafield tag="040" ind1="#" ind2="#">
            <subfield code="a">YOPDYOG</subfield>
            <subfield code="b">ind</subfield>
          </datafield>
          <datafield tag="084" ind1="#" ind2="#">
            <subfield code="a">025.342 PRE</subfield>
          </datafield>
          <datafield tag="990" ind1="#" ind2="#">
            <subfield code="a">23425-PD/A.07</subfield>
          </datafield>
          <datafield tag="856" ind1="4" ind2="0">
            <subfield code="u">http://balaiyanpus.jogjaprov.go.id/opac/detail-opac?id=27</subfield>
          </datafield>
        </record>
      </metadata>
    </record>