
    <record>
      <header>
        <identifier>oai:balaiyanpus.jogjaprov.go.id:28</identifier>
        <datestamp/>
      </header>
      <metadata>
        <record xmlns="http://www.loc.gov/MARC21/slim" xmlns:xsi="http://www.w3.org/2001/XMLSchema-instance" xsi:schemaLocation="http://www.loc.gov/MARC21/slim http://www.loc.gov/standards/marcxml/schema/MARC21slim.xsd">
          <controlfield tag="001">YOGYA-02090000042124</controlfield>
          <datafield tag="001" ind1="#" ind2="#">
            <subfield code="$">YOGYA-02090000042124</subfield>
          </datafield>
          <controlfield tag="005">20140701190448.0</controlfield>
          <datafield tag="005" ind1="#" ind2="#">
            <subfield code="$">20140701190448.0</subfield>
          </datafield>
          <controlfield tag="006"/>
          <datafield tag="006" ind1="#" ind2="#">
            <subfield code="$"/>
          </datafield>
          <controlfield tag="007"/>
          <datafield tag="007" ind1="#" ind2="#">
            <subfield code="$"/>
          </datafield>
          <datafield tag="008" ind1="#" ind2="#">
            <subfield code="$">                                   ind  </subfield>
          </datafield>
          <datafield tag="035" ind1="#" ind2="#">
            <subfield code="a">0010-020900000042124</subfield>
          </datafield>
          <datafield tag="082" ind1="#" ind2="#">
            <subfield code="a">352.12</subfield>
          </datafield>
          <datafield tag="090" ind1="#" ind2="#">
            <subfield code="a">352.12</subfield>
            <subfield code="b">Yog J</subfield>
          </datafield>
          <datafield tag="110" ind1="#" ind2="#">
            <subfield code="a">YOGYAKARTA (Daerah Istimewa) Gubernur</subfield>
          </datafield>
          <datafield tag="245" ind1="#" ind2="#">
            <subfield code="a">Jawaban Gubernur Daerah Istimewa Yogyakarta atas pandangan umum fraksi-fraksi terhadap nota keuangan APBD tahun anggaran 2004 pada rapat paripurna DPRD</subfield>
            <subfield code="c">Gubernur Daerah Istimewa Yogyakarta</subfield>
          </datafield>
          <datafield tag="260" ind1="#" ind2="#">
            <subfield code="a">[Yogyakarta]</subfield>
            <subfield code="b">[s.n.]</subfield>
            <subfield code="c">[s.a]</subfield>
          </datafield>
          <datafield tag="300" ind1="#" ind2="#">
            <subfield code="a">43 lembar</subfield>
            <subfield code="c">30 cm</subfield>
          </datafield>
          <datafield tag="650" ind1="#" ind2="#">
            <subfield code="a">Anggaran Pendapatan dan Belanja Daerah</subfield>
          </datafield>
          <datafield tag="850" ind1="#" ind2="#">
            <subfield code="a">YOPDYOG</subfield>
          </datafield>
          <datafield tag="999" ind1="#" ind2="#">
            <subfield code="a">07A0023576</subfield>
          </datafield>
          <datafield tag="856" ind1="4" ind2="0">
            <subfield code="u">http://balaiyanpus.jogjaprov.go.id/opac/detail-opac?id=28</subfield>
          </datafield>
        </record>
      </metadata>
    </record>