
    <record>
      <header>
        <identifier>oai:balaiyanpus.jogjaprov.go.id:29</identifier>
        <datestamp/>
      </header>
      <metadata>
        <record xmlns="http://www.loc.gov/MARC21/slim" xmlns:xsi="http://www.w3.org/2001/XMLSchema-instance" xsi:schemaLocation="http://www.loc.gov/MARC21/slim http://www.loc.gov/standards/marcxml/schema/MARC21slim.xsd">
          <controlfield tag="001">YOGYA-02090000042184</controlfield>
          <datafield tag="001" ind1="#" ind2="#">
            <subfield code="$">YOGYA-02090000042184</subfield>
          </datafield>
          <controlfield tag="005">20150415132834.0</controlfield>
          <datafield tag="005" ind1="#" ind2="#">
            <subfield code="$">20150415132834.0</subfield>
          </datafield>
          <datafield tag="008" ind1="#" ind2="#">
            <subfield code="$">                                   ind  </subfield>
          </datafield>
          <datafield tag="035" ind1="#" ind2="#">
            <subfield code="a">0010-020900000042184</subfield>
          </datafield>
          <datafield tag="090" ind1="#" ind2="#">
            <subfield code="a">RT 328 Ind H</subfield>
          </datafield>
          <datafield tag="110" ind1="#" ind2="#">
            <subfield code="a">INDONESIA. Direktorat Jenderal Pemerintah dan Otonomi daerah</subfield>
          </datafield>
          <datafield tag="245" ind1="#" ind2="#">
            <subfield code="a">Himpunan Peraturan tentang Dewan Perwakilan Rakyat Daerah</subfield>
          </datafield>
          <datafield tag="260" ind1="#" ind2="#">
            <subfield code="a">Yogyakarta</subfield>
            <subfield code="b">Direktorat Jenderal Pemerintahan dan Otonomi Daerah (PUOD)</subfield>
            <subfield code="c">[s.a]</subfield>
          </datafield>
          <datafield tag="300" ind1="#" ind2="#">
            <subfield code="a">54 hlm.</subfield>
            <subfield code="c">23 cm.</subfield>
          </datafield>
          <datafield tag="650" ind1="#" ind2="#">
            <subfield code="a">Dewan Perwakilan Rakyat Daerah</subfield>
          </datafield>
          <datafield tag="850" ind1="#" ind2="#">
            <subfield code="a">YOPDYOG</subfield>
          </datafield>
          <datafield tag="999" ind1="#" ind2="#">
            <subfield code="a">23066-PD/A.07</subfield>
          </datafield>
          <datafield tag="856" ind1="4" ind2="0">
            <subfield code="u">http://balaiyanpus.jogjaprov.go.id/opac/detail-opac?id=29</subfield>
          </datafield>
        </record>
      </metadata>
    </record>