
    <record>
      <header>
        <identifier>oai:balaiyanpus.jogjaprov.go.id:30</identifier>
        <datestamp/>
      </header>
      <metadata>
        <record xmlns="http://www.loc.gov/MARC21/slim" xmlns:xsi="http://www.w3.org/2001/XMLSchema-instance" xsi:schemaLocation="http://www.loc.gov/MARC21/slim http://www.loc.gov/standards/marcxml/schema/MARC21slim.xsd">
          <controlfield tag="001">YOGYA-02090000042244</controlfield>
          <datafield tag="001" ind1="#" ind2="#">
            <subfield code="$">YOGYA-02090000042244</subfield>
          </datafield>
          <controlfield tag="005">20141215124937.0</controlfield>
          <datafield tag="005" ind1="#" ind2="#">
            <subfield code="$">20141215124937.0</subfield>
          </datafield>
          <datafield tag="008" ind1="#" ind2="#">
            <subfield code="$">                                   ind  </subfield>
          </datafield>
          <datafield tag="035" ind1="#" ind2="#">
            <subfield code="a">0010-020900000042244</subfield>
          </datafield>
          <datafield tag="041" ind1="#" ind2="#">
            <subfield code="a">Ind</subfield>
          </datafield>
          <datafield tag="043" ind1="#" ind2="#">
            <subfield code="a">YOPDYOG</subfield>
          </datafield>
          <datafield tag="082" ind1="#" ind2="#">
            <subfield code="a">352</subfield>
          </datafield>
          <datafield tag="090" ind1="#" ind2="#">
            <subfield code="a">YOG 352 Yog K</subfield>
          </datafield>
          <datafield tag="110" ind1="#" ind2="#">
            <subfield code="a">YOGYAKARTA (Daerah Istimewa) Gubernur</subfield>
          </datafield>
          <datafield tag="245" ind1="#" ind2="#">
            <subfield code="a">Keputusan Gubernur Kepala Daerah Istimewa Yogyakarta nomr : 92/KPTS/1994 Tentang : petunjuk teknis pelaksanaan proyek pembangunan daerah Propinsi aerah Istimewa Yogyakarta</subfield>
          </datafield>
          <datafield tag="260" ind1="#" ind2="#">
            <subfield code="a">Yogyakarta</subfield>
            <subfield code="b">[s.n.]</subfield>
            <subfield code="c">1994</subfield>
          </datafield>
          <datafield tag="300" ind1="#" ind2="#">
            <subfield code="a">84 lembar</subfield>
            <subfield code="c">31 cm.</subfield>
          </datafield>
          <datafield tag="650" ind1="#" ind2="#">
            <subfield code="a">Kepala Daerah</subfield>
          </datafield>
          <datafield tag="850" ind1="#" ind2="#">
            <subfield code="a">YOPDYOG</subfield>
          </datafield>
          <datafield tag="999" ind1="#" ind2="#">
            <subfield code="a">07A0023176</subfield>
          </datafield>
          <datafield tag="856" ind1="4" ind2="0">
            <subfield code="u">http://balaiyanpus.jogjaprov.go.id/opac/detail-opac?id=30</subfield>
          </datafield>
        </record>
      </metadata>
    </record>