
    <record>
      <header>
        <identifier>oai:balaiyanpus.jogjaprov.go.id:31</identifier>
        <datestamp/>
      </header>
      <metadata>
        <record xmlns="http://www.loc.gov/MARC21/slim" xmlns:xsi="http://www.w3.org/2001/XMLSchema-instance" xsi:schemaLocation="http://www.loc.gov/MARC21/slim http://www.loc.gov/standards/marcxml/schema/MARC21slim.xsd">
          <controlfield tag="001">YOGYA-02090000042286</controlfield>
          <datafield tag="001" ind1="#" ind2="#">
            <subfield code="$">YOGYA-02090000042286</subfield>
          </datafield>
          <controlfield tag="005">20090227025843.0</controlfield>
          <datafield tag="005" ind1="#" ind2="#">
            <subfield code="$">20090227025843.0</subfield>
          </datafield>
          <datafield tag="008" ind1="#" ind2="#">
            <subfield code="$">***********************************ind**</subfield>
          </datafield>
          <datafield tag="035" ind1="#" ind2="#">
            <subfield code="0">010-020900000042286</subfield>
          </datafield>
          <datafield tag="082" ind1="#" ind2="#">
            <subfield code="a">635 021</subfield>
          </datafield>
          <datafield tag="090" ind1="#" ind2="#">
            <subfield code="a">635.021</subfield>
            <subfield code="b">Kan S</subfield>
            <subfield code="l">YOG</subfield>
          </datafield>
          <datafield tag="110" ind1="#" ind2="#">
            <subfield code="a">KANTOR STATISTIK. (Yogyakarta)</subfield>
          </datafield>
          <datafield tag="245" ind1="#" ind2="#">
            <subfield code="a">Statistik pertanian tanaman pangan Propinsi Daerah Istimewa Yogyakarta 1990-1994</subfield>
          </datafield>
          <datafield tag="260" ind1="#" ind2="#">
            <subfield code="a">Yogyakata</subfield>
            <subfield code="b">Kantor Statistik Prop. DIY</subfield>
            <subfield code="c">1995</subfield>
          </datafield>
          <datafield tag="300" ind1="#" ind2="#">
            <subfield code="a">iii, 123 hlm</subfield>
            <subfield code="b">ilus</subfield>
            <subfield code="c">29 cm</subfield>
          </datafield>
          <datafield tag="650" ind1="#" ind2="#">
            <subfield code="a">Tanaman pangan, pertanian - Statistik</subfield>
          </datafield>
          <datafield tag="850" ind1="#" ind2="#">
            <subfield code="a">YOPDYOG</subfield>
          </datafield>
          <datafield tag="980" ind1="#" ind2="#">
            <subfield code="a">28 Juli 2007</subfield>
          </datafield>
          <datafield tag="985" ind1="#" ind2="#">
            <subfield code="a">1</subfield>
          </datafield>
          <datafield tag="986" ind1="#" ind2="#">
            <subfield code="a">Dewi</subfield>
          </datafield>
          <datafield tag="999" ind1="#" ind2="#">
            <subfield code="a">07A0023329</subfield>
          </datafield>
          <datafield tag="856" ind1="4" ind2="0">
            <subfield code="u">http://balaiyanpus.jogjaprov.go.id/opac/detail-opac?id=31</subfield>
          </datafield>
        </record>
      </metadata>
    </record>