
    <record>
      <header>
        <identifier>oai:balaiyanpus.jogjaprov.go.id:32</identifier>
        <datestamp/>
      </header>
      <metadata>
        <record xmlns="http://www.loc.gov/MARC21/slim" xmlns:xsi="http://www.w3.org/2001/XMLSchema-instance" xsi:schemaLocation="http://www.loc.gov/MARC21/slim http://www.loc.gov/standards/marcxml/schema/MARC21slim.xsd">
          <controlfield tag="001">YOGYA-02090000042283</controlfield>
          <datafield tag="001" ind1="#" ind2="#">
            <subfield code="$">YOGYA-02090000042283</subfield>
          </datafield>
          <controlfield tag="005">20141016080052.0</controlfield>
          <datafield tag="005" ind1="#" ind2="#">
            <subfield code="$">20141016080052.0</subfield>
          </datafield>
          <controlfield tag="006"/>
          <datafield tag="006" ind1="#" ind2="#">
            <subfield code="$"/>
          </datafield>
          <controlfield tag="007"/>
          <datafield tag="007" ind1="#" ind2="#">
            <subfield code="$"/>
          </datafield>
          <datafield tag="008" ind1="#" ind2="#">
            <subfield code="$">                                   ind  </subfield>
          </datafield>
          <datafield tag="035" ind1="#" ind2="#">
            <subfield code="0">010-020900000042283</subfield>
          </datafield>
          <datafield tag="040" ind1="#" ind2="#">
            <subfield code="a">YOPDYOG</subfield>
          </datafield>
          <datafield tag="082" ind1="#" ind2="#">
            <subfield code="a">364.4</subfield>
          </datafield>
          <datafield tag="090" ind1="#" ind2="#">
            <subfield code="a">YOG 364.4</subfield>
            <subfield code="b">Kan S</subfield>
          </datafield>
          <datafield tag="110" ind1="#" ind2="#">
            <subfield code="a">KANTOR STATISTIK. (Yogyakarta)</subfield>
          </datafield>
          <datafield tag="245" ind1="#" ind2="#">
            <subfield code="a">Statistik kriminal Propinsi Daerah Istimewa Yogyakarta tahun 1991 /</subfield>
            <subfield code="c">Kantor Statistik Prov.D.I.Yogyakarta</subfield>
          </datafield>
          <datafield tag="260" ind1="#" ind2="#">
            <subfield code="a">Yogyakarta</subfield>
            <subfield code="b">Kantor Statistik</subfield>
            <subfield code="c">1992</subfield>
          </datafield>
          <datafield tag="300" ind1="#" ind2="#">
            <subfield code="a">xxii,98 lembar</subfield>
            <subfield code="b">ilus</subfield>
            <subfield code="c">28 cm</subfield>
          </datafield>
          <datafield tag="650" ind1="#" ind2="#">
            <subfield code="a">Kejahatan, pencegahan - Statistik</subfield>
          </datafield>
          <datafield tag="850" ind1="#" ind2="#">
            <subfield code="a">YOPDYOG</subfield>
          </datafield>
          <datafield tag="990" ind1="#" ind2="#">
            <subfield code="a">23304-PD/A.07</subfield>
            <subfield code="b">1</subfield>
          </datafield>
          <datafield tag="856" ind1="4" ind2="0">
            <subfield code="u">http://balaiyanpus.jogjaprov.go.id/opac/detail-opac?id=32</subfield>
          </datafield>
        </record>
      </metadata>
    </record>