
    <record>
      <header>
        <identifier>oai:balaiyanpus.jogjaprov.go.id:33</identifier>
        <datestamp/>
      </header>
      <metadata>
        <record xmlns="http://www.loc.gov/MARC21/slim" xmlns:xsi="http://www.w3.org/2001/XMLSchema-instance" xsi:schemaLocation="http://www.loc.gov/MARC21/slim http://www.loc.gov/standards/marcxml/schema/MARC21slim.xsd">
          <controlfield tag="001">YOGYA-02090000042683</controlfield>
          <datafield tag="001" ind1="#" ind2="#">
            <subfield code="$">YOGYA-02090000042683</subfield>
          </datafield>
          <controlfield tag="005">20180831104102</controlfield>
          <datafield tag="005" ind1="#" ind2="#">
            <subfield code="$">20180831104102</subfield>
          </datafield>
          <datafield tag="035" ind1="#" ind2="#">
            <subfield code="a">0010-020900000042683</subfield>
          </datafield>
          <datafield tag="008" ind1="#" ind2="#">
            <subfield code="8">0831###########################0#ind##</subfield>
          </datafield>
          <datafield tag="082" ind1="#" ind2="#">
            <subfield code="a">351.3</subfield>
          </datafield>
          <datafield tag="090" ind1="#" ind2="#">
            <subfield code="a">L 351.3 Ind K</subfield>
          </datafield>
          <datafield tag="110" ind1="#" ind2="#">
            <subfield code="a">INDONESIA. Departemen Dalam Negeri [Undang-undang, Peraturan, dsb.]</subfield>
          </datafield>
          <datafield tag="245" ind1="1" ind2="#">
            <subfield code="a">Keputusan menteri dalam negeri nomor 85 tahun 1977 tentang pedoman penyusunan dan bentuk tata naskah dinas departemen dalam negeri</subfield>
          </datafield>
          <datafield tag="260" ind1="#" ind2="#">
            <subfield code="a">Jakarta :</subfield>
            <subfield code="b">Departemen Dalam Negeri,</subfield>
            <subfield code="c">1977</subfield>
          </datafield>
          <datafield tag="300" ind1="#" ind2="#">
            <subfield code="a">171 hlm. ;</subfield>
            <subfield code="c">21 cm</subfield>
          </datafield>
          <datafield tag="650" ind1="#" ind2="#">
            <subfield code="a">Administrasi Negara</subfield>
          </datafield>
          <datafield tag="850" ind1="#" ind2="#">
            <subfield code="a">YOPDYOG</subfield>
          </datafield>
          <datafield tag="999" ind1="#" ind2="#">
            <subfield code="a">07-A/0024598</subfield>
          </datafield>
          <datafield tag="084" ind1="#" ind2="#">
            <subfield code="a">L 351.3 IND k</subfield>
          </datafield>
          <datafield tag="100" ind1="#" ind2="#">
            <subfield code="a">INDONESIA. Departemen Dalam Negeri [Undang-undang, Peraturan, dsb.]</subfield>
          </datafield>
          <datafield tag="990" ind1="#" ind2="#">
            <subfield code="a">24598-PD/A.07</subfield>
          </datafield>
          <datafield tag="856" ind1="4" ind2="0">
            <subfield code="u">http://balaiyanpus.jogjaprov.go.id/opac/detail-opac?id=33</subfield>
          </datafield>
        </record>
      </metadata>
    </record>