
    <record>
      <header>
        <identifier>oai:balaiyanpus.jogjaprov.go.id:35</identifier>
        <datestamp/>
      </header>
      <metadata>
        <record xmlns="http://www.loc.gov/MARC21/slim" xmlns:xsi="http://www.w3.org/2001/XMLSchema-instance" xsi:schemaLocation="http://www.loc.gov/MARC21/slim http://www.loc.gov/standards/marcxml/schema/MARC21slim.xsd">
          <controlfield tag="001">YOGYA-02090000043863</controlfield>
          <datafield tag="001" ind1="#" ind2="#">
            <subfield code="$">YOGYA-02090000043863</subfield>
          </datafield>
          <controlfield tag="005">20150423134026.0</controlfield>
          <datafield tag="005" ind1="#" ind2="#">
            <subfield code="$">20150423134026.0</subfield>
          </datafield>
          <datafield tag="008" ind1="#" ind2="#">
            <subfield code="$">                                   ind  </subfield>
          </datafield>
          <datafield tag="035" ind1="#" ind2="#">
            <subfield code="a">0010-020900000043863</subfield>
          </datafield>
          <datafield tag="082" ind1="#" ind2="#">
            <subfield code="a">027.6</subfield>
          </datafield>
          <datafield tag="090" ind1="#" ind2="#">
            <subfield code="a">027.6 Sad S</subfield>
          </datafield>
          <datafield tag="100" ind1="#" ind2="#">
            <subfield code="a">SADIYAH, Rizkiyati</subfield>
          </datafield>
          <datafield tag="245" ind1="#" ind2="#">
            <subfield code="a">Studi korelasi antara pemanfaatan perpustakaan sekolah dengan prestasi belajar siswa kelas II semester II SMA Muhammadiyah II Yogyakarta tahun ajaran 1992/1993</subfield>
            <subfield code="c">oleh Rizkiyati Sadiyah</subfield>
          </datafield>
          <datafield tag="260" ind1="#" ind2="#">
            <subfield code="a">Yogyakarta</subfield>
            <subfield code="b">Kurikulum dan Teknologi Pendidikan FIP IKIP Muhammadiya</subfield>
            <subfield code="c">1994</subfield>
          </datafield>
          <datafield tag="300" ind1="#" ind2="#">
            <subfield code="a">ix, 64, [16] lembar</subfield>
            <subfield code="b">ilus</subfield>
            <subfield code="c">29 cm</subfield>
          </datafield>
          <datafield tag="500" ind1="#" ind2="#">
            <subfield code="a">Skripsi jurusan Kurikulum dan Teknologi Pendidikan FIP IKIP Muhammadiyah Yogyakarta</subfield>
          </datafield>
          <datafield tag="500" ind1="#" ind2="#">
            <subfield code="a">Bibliografi : lembar 63-64</subfield>
          </datafield>
          <datafield tag="650" ind1="#" ind2="#">
            <subfield code="a">Perpustakaan Sekolah</subfield>
          </datafield>
          <datafield tag="850" ind1="#" ind2="#">
            <subfield code="a">YOPDYOG</subfield>
          </datafield>
          <datafield tag="990" ind1="#" ind2="#">
            <subfield code="a">26536-PD/A.07</subfield>
          </datafield>
          <datafield tag="856" ind1="4" ind2="0">
            <subfield code="u">http://balaiyanpus.jogjaprov.go.id/opac/detail-opac?id=35</subfield>
          </datafield>
        </record>
      </metadata>
    </record>