
    <record>
      <header>
        <identifier>oai:balaiyanpus.jogjaprov.go.id:39</identifier>
        <datestamp/>
      </header>
      <metadata>
        <record xmlns="http://www.loc.gov/MARC21/slim" xmlns:xsi="http://www.w3.org/2001/XMLSchema-instance" xsi:schemaLocation="http://www.loc.gov/MARC21/slim http://www.loc.gov/standards/marcxml/schema/MARC21slim.xsd">
          <controlfield tag="001">YOGYA-02090000044182</controlfield>
          <datafield tag="001" ind1="#" ind2="#">
            <subfield code="$">YOGYA-02090000044182</subfield>
          </datafield>
          <controlfield tag="005">20141215125035.0</controlfield>
          <datafield tag="005" ind1="#" ind2="#">
            <subfield code="$">20141215125035.0</subfield>
          </datafield>
          <datafield tag="008" ind1="#" ind2="#">
            <subfield code="$">                                   ind  </subfield>
          </datafield>
          <datafield tag="035" ind1="#" ind2="#">
            <subfield code="a">0010-020900000044182</subfield>
          </datafield>
          <datafield tag="090" ind1="#" ind2="#">
            <subfield code="a">T 176 Ped</subfield>
          </datafield>
          <datafield tag="245" ind1="#" ind2="#">
            <subfield code="a">PEDOMAN sistem jaringan nasional informasi dan dokumentasi bidang keluarga berencana/kependudukan organisasi</subfield>
            <subfield code="c">tim penyusun Adinugroho Asrarudin ... [et al], tim editor Soetedjo Moeljodihardjo ... [et al]</subfield>
          </datafield>
          <datafield tag="260" ind1="#" ind2="#">
            <subfield code="a">Jakarta</subfield>
            <subfield code="b">Badan Koordinasi Keluarga Berencana Nasional</subfield>
            <subfield code="c">1977</subfield>
          </datafield>
          <datafield tag="300" ind1="#" ind2="#">
            <subfield code="a">36 hlm.</subfield>
            <subfield code="c">28 cm.</subfield>
          </datafield>
          <datafield tag="500" ind1="#" ind2="#">
            <subfield code="a">Bibliografi : hlm. 25</subfield>
          </datafield>
          <datafield tag="650" ind1="#" ind2="#">
            <subfield code="a">Keluarga Berencana</subfield>
          </datafield>
          <datafield tag="700" ind1="#" ind2="#">
            <subfield code="a">Asrarudin, Adinugroho</subfield>
          </datafield>
          <datafield tag="700" ind1="#" ind2="#">
            <subfield code="a">Mulyodiharjo, Sutejo</subfield>
          </datafield>
          <datafield tag="850" ind1="#" ind2="#">
            <subfield code="a">YOPDYOG</subfield>
          </datafield>
          <datafield tag="999" ind1="#" ind2="#">
            <subfield code="a">07a0026820</subfield>
          </datafield>
          <datafield tag="856" ind1="4" ind2="0">
            <subfield code="u">http://balaiyanpus.jogjaprov.go.id/opac/detail-opac?id=39</subfield>
          </datafield>
        </record>
      </metadata>
    </record>