
    <record>
      <header>
        <identifier>oai:balaiyanpus.jogjaprov.go.id:42</identifier>
        <datestamp/>
      </header>
      <metadata>
        <record xmlns="http://www.loc.gov/MARC21/slim" xmlns:xsi="http://www.w3.org/2001/XMLSchema-instance" xsi:schemaLocation="http://www.loc.gov/MARC21/slim http://www.loc.gov/standards/marcxml/schema/MARC21slim.xsd">
          <controlfield tag="001">YOGYA-02090000044349</controlfield>
          <datafield tag="001" ind1="#" ind2="#">
            <subfield code="$">YOGYA-02090000044349</subfield>
          </datafield>
          <controlfield tag="005">20140701191621.0</controlfield>
          <datafield tag="005" ind1="#" ind2="#">
            <subfield code="$">20140701191621.0</subfield>
          </datafield>
          <controlfield tag="006"/>
          <datafield tag="006" ind1="#" ind2="#">
            <subfield code="$"/>
          </datafield>
          <controlfield tag="007"/>
          <datafield tag="007" ind1="#" ind2="#">
            <subfield code="$"/>
          </datafield>
          <datafield tag="008" ind1="#" ind2="#">
            <subfield code="$">                                   ind  </subfield>
          </datafield>
          <datafield tag="035" ind1="#" ind2="#">
            <subfield code="a">0010-020900000044349</subfield>
          </datafield>
          <datafield tag="082" ind1="#" ind2="#">
            <subfield code="a">364.4</subfield>
          </datafield>
          <datafield tag="090" ind1="#" ind2="#">
            <subfield code="a">364.4 Sit P</subfield>
          </datafield>
          <datafield tag="100" ind1="#" ind2="#">
            <subfield code="a">SITEPU, Irwan Setyawan</subfield>
          </datafield>
          <datafield tag="245" ind1="#" ind2="#">
            <subfield code="a">Penanggulangan perjudian yang bersifat melawan hukum dan dampak sosial terhadap masyarakat</subfield>
            <subfield code="c">oleh Irwan Setyawan Sitepu</subfield>
          </datafield>
          <datafield tag="260" ind1="#" ind2="#">
            <subfield code="a">Yogyakarta</subfield>
            <subfield code="b">[s.n.]</subfield>
            <subfield code="c">1994</subfield>
          </datafield>
          <datafield tag="300" ind1="#" ind2="#">
            <subfield code="a">[13], 151 lembar</subfield>
            <subfield code="c">30 cm</subfield>
          </datafield>
          <datafield tag="500" ind1="#" ind2="#">
            <subfield code="a">Skripsi Fak. Hukum Universitas Janabadra Yogyakarta</subfield>
          </datafield>
          <datafield tag="500" ind1="#" ind2="#">
            <subfield code="a">Bibliografi : lembar [75-76]</subfield>
          </datafield>
          <datafield tag="650" ind1="#" ind2="#">
            <subfield code="a">Kejahatan - Pencegahan</subfield>
          </datafield>
          <datafield tag="850" ind1="#" ind2="#">
            <subfield code="a">YOPDYOG [B]</subfield>
          </datafield>
          <datafield tag="999" ind1="#" ind2="#">
            <subfield code="a">07A0027051</subfield>
          </datafield>
          <datafield tag="856" ind1="4" ind2="0">
            <subfield code="u">http://balaiyanpus.jogjaprov.go.id/opac/detail-opac?id=42</subfield>
          </datafield>
        </record>
      </metadata>
    </record>