
    <record>
      <header>
        <identifier>oai:balaiyanpus.jogjaprov.go.id:44</identifier>
        <datestamp/>
      </header>
      <metadata>
        <record xmlns="http://www.loc.gov/MARC21/slim" xmlns:xsi="http://www.w3.org/2001/XMLSchema-instance" xsi:schemaLocation="http://www.loc.gov/MARC21/slim http://www.loc.gov/standards/marcxml/schema/MARC21slim.xsd">
          <controlfield tag="001">YOGYA-02090000044679</controlfield>
          <datafield tag="001" ind1="#" ind2="#">
            <subfield code="$">YOGYA-02090000044679</subfield>
          </datafield>
          <controlfield tag="005">20140701193206.0</controlfield>
          <datafield tag="005" ind1="#" ind2="#">
            <subfield code="$">20140701193206.0</subfield>
          </datafield>
          <controlfield tag="006"/>
          <datafield tag="006" ind1="#" ind2="#">
            <subfield code="$"/>
          </datafield>
          <controlfield tag="007"/>
          <datafield tag="007" ind1="#" ind2="#">
            <subfield code="$"/>
          </datafield>
          <datafield tag="008" ind1="#" ind2="#">
            <subfield code="$">                                   ind  </subfield>
          </datafield>
          <datafield tag="035" ind1="#" ind2="#">
            <subfield code="a">0010-020900000044679</subfield>
          </datafield>
          <datafield tag="090" ind1="#" ind2="#">
            <subfield code="a">334</subfield>
            <subfield code="b">Sun P</subfield>
          </datafield>
          <datafield tag="100" ind1="#" ind2="#">
            <subfield code="a">SUNARDI</subfield>
          </datafield>
          <datafield tag="245" ind1="#" ind2="#">
            <subfield code="a">Peranan koperasi unit desa dalam meningkatkan produktivitas pertanian di desa Banguntapan, Kecamatan Banguntapan Daerah Tingkat II Kabupaten Bantul Propinsi Daerah Istimewa Yogyakarta</subfield>
            <subfield code="c">disusun oleh Sunardi</subfield>
          </datafield>
          <datafield tag="260" ind1="#" ind2="#">
            <subfield code="a">Yogyakarta</subfield>
            <subfield code="b">[s.n.]</subfield>
            <subfield code="c">1993</subfield>
          </datafield>
          <datafield tag="300" ind1="#" ind2="#">
            <subfield code="a">xi, 93, [22] lembar</subfield>
            <subfield code="b">: ilus</subfield>
            <subfield code="c">; 29 cm</subfield>
          </datafield>
          <datafield tag="500" ind1="#" ind2="#">
            <subfield code="a">Skripsi STPMD "APMD" Yogyakarta</subfield>
          </datafield>
          <datafield tag="500" ind1="#" ind2="#">
            <subfield code="a">Bibliografi : lembar [94]</subfield>
          </datafield>
          <datafield tag="650" ind1="#" ind2="#">
            <subfield code="a">Koperasi Unit desa</subfield>
          </datafield>
          <datafield tag="850" ind1="#" ind2="#">
            <subfield code="a">YOPDYOG</subfield>
          </datafield>
          <datafield tag="999" ind1="#" ind2="#">
            <subfield code="a">07A0027983</subfield>
          </datafield>
          <datafield tag="856" ind1="4" ind2="0">
            <subfield code="u">http://balaiyanpus.jogjaprov.go.id/opac/detail-opac?id=44</subfield>
          </datafield>
        </record>
      </metadata>
    </record>