
    <record>
      <header>
        <identifier>oai:balaiyanpus.jogjaprov.go.id:45</identifier>
        <datestamp/>
      </header>
      <metadata>
        <record xmlns="http://www.loc.gov/MARC21/slim" xmlns:xsi="http://www.w3.org/2001/XMLSchema-instance" xsi:schemaLocation="http://www.loc.gov/MARC21/slim http://www.loc.gov/standards/marcxml/schema/MARC21slim.xsd">
          <controlfield tag="001">YOGYA-02090000044793</controlfield>
          <datafield tag="001" ind1="#" ind2="#">
            <subfield code="$">YOGYA-02090000044793</subfield>
          </datafield>
          <controlfield tag="005">20141215125318.0</controlfield>
          <datafield tag="005" ind1="#" ind2="#">
            <subfield code="$">20141215125318.0</subfield>
          </datafield>
          <datafield tag="008" ind1="#" ind2="#">
            <subfield code="$">                                   ind  </subfield>
          </datafield>
          <datafield tag="035" ind1="#" ind2="#">
            <subfield code="a">0010-020900000044793</subfield>
          </datafield>
          <datafield tag="082" ind1="#" ind2="#">
            <subfield code="a">342.02</subfield>
          </datafield>
          <datafield tag="090" ind1="#" ind2="#">
            <subfield code="a">RQ 342.02 Ind B</subfield>
          </datafield>
          <datafield tag="110" ind1="#" ind2="#">
            <subfield code="a">INDONESIA [Undang-undang, Peraturan, dsb.]</subfield>
          </datafield>
          <datafield tag="245" ind1="#" ind2="#">
            <subfield code="a">Buku himpunan peraturan perundangan tentang pemerintahan desa berisi peraturan-peraturan, surat-suart keputusan, instruksi-instruksi, surat-surat edaran dari pusat &amp; daerah</subfield>
          </datafield>
          <datafield tag="260" ind1="#" ind2="#">
            <subfield code="a">Yogyakarta</subfield>
            <subfield code="b">Biro Bina Pemerintahan Desa Sekretariat Wilayah Daerah</subfield>
            <subfield code="c">1983/1984</subfield>
          </datafield>
          <datafield tag="300" ind1="#" ind2="#">
            <subfield code="a">... jilid</subfield>
            <subfield code="b">ilus.</subfield>
            <subfield code="c">33 cm.</subfield>
          </datafield>
          <datafield tag="500" ind1="#" ind2="#">
            <subfield code="a">Yang diterima : jil. 3</subfield>
          </datafield>
          <datafield tag="650" ind1="#" ind2="#">
            <subfield code="a">Indonesia - Perundang-undangan</subfield>
          </datafield>
          <datafield tag="850" ind1="#" ind2="#">
            <subfield code="a">YOPDYOG</subfield>
          </datafield>
          <datafield tag="999" ind1="#" ind2="#">
            <subfield code="a">07A0026881</subfield>
          </datafield>
          <datafield tag="856" ind1="4" ind2="0">
            <subfield code="u">http://balaiyanpus.jogjaprov.go.id/opac/detail-opac?id=45</subfield>
          </datafield>
        </record>
      </metadata>
    </record>