
    <record>
      <header>
        <identifier>oai:balaiyanpus.jogjaprov.go.id:46</identifier>
        <datestamp/>
      </header>
      <metadata>
        <record xmlns="http://www.loc.gov/MARC21/slim" xmlns:xsi="http://www.w3.org/2001/XMLSchema-instance" xsi:schemaLocation="http://www.loc.gov/MARC21/slim http://www.loc.gov/standards/marcxml/schema/MARC21slim.xsd">
          <controlfield tag="001">YOGYA-02120000000548</controlfield>
          <datafield tag="001" ind1="#" ind2="#">
            <subfield code="$">YOGYA-02120000000548</subfield>
          </datafield>
          <controlfield tag="005">20140923124321.0</controlfield>
          <datafield tag="005" ind1="#" ind2="#">
            <subfield code="$">20140923124321.0</subfield>
          </datafield>
          <controlfield tag="006"/>
          <datafield tag="006" ind1="#" ind2="#">
            <subfield code="$"/>
          </datafield>
          <controlfield tag="007"/>
          <datafield tag="007" ind1="#" ind2="#">
            <subfield code="$"/>
          </datafield>
          <datafield tag="008" ind1="#" ind2="#">
            <subfield code="$">                                   ind  </subfield>
          </datafield>
          <datafield tag="020" ind1="#" ind2="#">
            <subfield code="a">978-979-756-836-8</subfield>
          </datafield>
          <datafield tag="035" ind1="#" ind2="#">
            <subfield code="0">010-021200000000548</subfield>
          </datafield>
          <datafield tag="040" ind1="#" ind2="#">
            <subfield code="a">YOPDYOG</subfield>
          </datafield>
          <datafield tag="090" ind1="#" ind2="#">
            <subfield code="a">Dep 515.43 Did K</subfield>
          </datafield>
          <datafield tag="100" ind1="#" ind2="#">
            <subfield code="a">DIDIT BUDI NUGROHO</subfield>
          </datafield>
          <datafield tag="245" ind1="#" ind2="#">
            <subfield code="a">Kalkulus Integral dan aplikasinya</subfield>
            <subfield code="c">Didit budi Nugroho</subfield>
          </datafield>
          <datafield tag="250" ind1="#" ind2="#">
            <subfield code="a">Ed. 1, cet. 1</subfield>
          </datafield>
          <datafield tag="260" ind1="#" ind2="#">
            <subfield code="a">Yogyakarta</subfield>
            <subfield code="b">Graha Ilmu</subfield>
            <subfield code="c">2012</subfield>
          </datafield>
          <datafield tag="300" ind1="#" ind2="#">
            <subfield code="a">VIII, 308 hlm</subfield>
            <subfield code="b">ilus</subfield>
            <subfield code="c">23 cm.</subfield>
          </datafield>
          <datafield tag="504" ind1="#" ind2="#">
            <subfield code="a">Bibliografi : hlm. 305-306</subfield>
          </datafield>
          <datafield tag="650" ind1="#" ind2="#">
            <subfield code="a">Kalkulus Integral</subfield>
          </datafield>
          <datafield tag="850" ind1="#" ind2="#">
            <subfield code="a">YOPDYOG</subfield>
          </datafield>
          <datafield tag="990" ind1="#" ind2="#">
            <subfield code="a">CB-D.11-2012-058</subfield>
          </datafield>
          <datafield tag="856" ind1="4" ind2="0">
            <subfield code="u">http://balaiyanpus.jogjaprov.go.id/opac/detail-opac?id=46</subfield>
          </datafield>
        </record>
      </metadata>
    </record>