
    <record>
      <header>
        <identifier>oai:balaiyanpus.jogjaprov.go.id:54</identifier>
        <datestamp/>
      </header>
      <metadata>
        <record xmlns="http://www.loc.gov/MARC21/slim" xmlns:xsi="http://www.w3.org/2001/XMLSchema-instance" xsi:schemaLocation="http://www.loc.gov/MARC21/slim http://www.loc.gov/standards/marcxml/schema/MARC21slim.xsd">
          <controlfield tag="001">YOGYA-02090000071138</controlfield>
          <datafield tag="001" ind1="#" ind2="#">
            <subfield code="$">YOGYA-02090000071138</subfield>
          </datafield>
          <controlfield tag="005">20160915151245.0</controlfield>
          <datafield tag="005" ind1="#" ind2="#">
            <subfield code="$">20160915151245.0</subfield>
          </datafield>
          <controlfield tag="006"/>
          <datafield tag="006" ind1="#" ind2="#">
            <subfield code="$"/>
          </datafield>
          <controlfield tag="007"/>
          <datafield tag="007" ind1="#" ind2="#">
            <subfield code="$"/>
          </datafield>
          <datafield tag="008" ind1="#" ind2="#">
            <subfield code="$">                                   ind  </subfield>
          </datafield>
          <datafield tag="035" ind1="#" ind2="#">
            <subfield code="0">010-020900000071138</subfield>
          </datafield>
          <datafield tag="040" ind1="#" ind2="#">
            <subfield code="a">YOPDYOG</subfield>
          </datafield>
          <datafield tag="082" ind1="#" ind2="#">
            <subfield code="a">342.2</subfield>
          </datafield>
          <datafield tag="090" ind1="#" ind2="#">
            <subfield code="a">R 342.2 Ama</subfield>
          </datafield>
          <datafield tag="245" ind1="#" ind2="#">
            <subfield code="a">Amandemen Undang-undang dasar 1945 : perubahan pertama s/d keempat (dalam satu naskah) dilengkapi data wilayah adminitrasi pemerimntah 33 propinsi, 349 kabupaten dan 91 kota seluruh Indonesia</subfield>
          </datafield>
          <datafield tag="250" ind1="#" ind2="#">
            <subfield code="a">Cet. 1</subfield>
          </datafield>
          <datafield tag="260" ind1="#" ind2="#">
            <subfield code="a">Yogyakarta</subfield>
            <subfield code="b">Pustaka Yustisia</subfield>
            <subfield code="c">2007</subfield>
          </datafield>
          <datafield tag="300" ind1="#" ind2="#">
            <subfield code="a">107 hlm.</subfield>
            <subfield code="c">19 cm.</subfield>
          </datafield>
          <datafield tag="650" ind1="#" ind2="#">
            <subfield code="a">Amandemen</subfield>
          </datafield>
          <datafield tag="850" ind1="#" ind2="#">
            <subfield code="a">YOPDYOG</subfield>
          </datafield>
          <datafield tag="990" ind1="#" ind2="#">
            <subfield code="a">33753-PD/A.08</subfield>
          </datafield>
          <datafield tag="990" ind1="#" ind2="#">
            <subfield code="a">33754-PD/A.08</subfield>
          </datafield>
          <datafield tag="990" ind1="#" ind2="#">
            <subfield code="a">33755-PD/A.08</subfield>
          </datafield>
          <datafield tag="990" ind1="#" ind2="#">
            <subfield code="a">33756-PD/A.08</subfield>
          </datafield>
          <datafield tag="856" ind1="4" ind2="0">
            <subfield code="u">http://balaiyanpus.jogjaprov.go.id/opac/detail-opac?id=54</subfield>
          </datafield>
        </record>
      </metadata>
    </record>