
    <record>
      <header>
        <identifier>oai:balaiyanpus.jogjaprov.go.id:69</identifier>
        <datestamp/>
      </header>
      <metadata>
        <record xmlns="http://www.loc.gov/MARC21/slim" xmlns:xsi="http://www.w3.org/2001/XMLSchema-instance" xsi:schemaLocation="http://www.loc.gov/MARC21/slim http://www.loc.gov/standards/marcxml/schema/MARC21slim.xsd">
          <controlfield tag="001">YOGYA-10100000001233</controlfield>
          <datafield tag="001" ind1="#" ind2="#">
            <subfield code="$">YOGYA-10100000001233</subfield>
          </datafield>
          <controlfield tag="005">20141215130903.0</controlfield>
          <datafield tag="005" ind1="#" ind2="#">
            <subfield code="$">20141215130903.0</subfield>
          </datafield>
          <datafield tag="008" ind1="#" ind2="#">
            <subfield code="$">                                   ind  </subfield>
          </datafield>
          <datafield tag="020" ind1="#" ind2="#">
            <subfield code="a">979-413-921-1</subfield>
          </datafield>
          <datafield tag="035" ind1="#" ind2="#">
            <subfield code="a">0010-101000000001233</subfield>
          </datafield>
          <datafield tag="090" ind1="#" ind2="#">
            <subfield code="a">DEP 633.8 Bud A</subfield>
          </datafield>
          <datafield tag="100" ind1="#" ind2="#">
            <subfield code="a">Budi Santoso, Hieronymus</subfield>
          </datafield>
          <datafield tag="245" ind1="#" ind2="#">
            <subfield code="a">Akar wangi</subfield>
            <subfield code="b">: bertanam dan penyulingan</subfield>
            <subfield code="c">/ Hieronymus Budi Santoso</subfield>
          </datafield>
          <datafield tag="250" ind1="#" ind2="#">
            <subfield code="a">Cet. 1</subfield>
          </datafield>
          <datafield tag="260" ind1="#" ind2="#">
            <subfield code="a">Yogyakarta</subfield>
            <subfield code="b">Kanisius</subfield>
            <subfield code="c">1993</subfield>
          </datafield>
          <datafield tag="300" ind1="#" ind2="#">
            <subfield code="a">55 hlm.</subfield>
            <subfield code="b">ilus.</subfield>
            <subfield code="c">21 cm.</subfield>
          </datafield>
          <datafield tag="650" ind1="#" ind2="#">
            <subfield code="a">Tanaman industri - Akar wangi</subfield>
          </datafield>
          <datafield tag="850" ind1="#" ind2="#">
            <subfield code="a">YOPDYOG</subfield>
          </datafield>
          <datafield tag="999" ind1="#" ind2="#">
            <subfield code="a">97d0026692</subfield>
          </datafield>
          <datafield tag="856" ind1="4" ind2="0">
            <subfield code="u">http://balaiyanpus.jogjaprov.go.id/opac/detail-opac?id=69</subfield>
          </datafield>
        </record>
      </metadata>
    </record>