
    <record>
      <header>
        <identifier>oai:balaiyanpus.jogjaprov.go.id:87</identifier>
        <datestamp/>
      </header>
      <metadata>
        <record xmlns="http://www.loc.gov/MARC21/slim" xmlns:xsi="http://www.w3.org/2001/XMLSchema-instance" xsi:schemaLocation="http://www.loc.gov/MARC21/slim http://www.loc.gov/standards/marcxml/schema/MARC21slim.xsd">
          <controlfield tag="001">YOGYA-02090000018652</controlfield>
          <datafield tag="001" ind1="#" ind2="#">
            <subfield code="$">YOGYA-02090000018652</subfield>
          </datafield>
          <controlfield tag="005">20141215113639.0</controlfield>
          <datafield tag="005" ind1="#" ind2="#">
            <subfield code="$">20141215113639.0</subfield>
          </datafield>
          <datafield tag="008" ind1="#" ind2="#">
            <subfield code="$">                                   ind  </subfield>
          </datafield>
          <datafield tag="035" ind1="#" ind2="#">
            <subfield code="a">0010-020900000018652</subfield>
          </datafield>
          <datafield tag="082" ind1="#" ind2="#">
            <subfield code="a">390.992111</subfield>
          </datafield>
          <datafield tag="090" ind1="#" ind2="#">
            <subfield code="a">390.992111 Pro A</subfield>
          </datafield>
          <datafield tag="110" ind1="#" ind2="#">
            <subfield code="a">PROYEK PENELITIAN DAN PENCATATAN KEBUDAYAAN DAERAH</subfield>
          </datafield>
          <datafield tag="245" ind1="#" ind2="#">
            <subfield code="a">Adat istiadat daerah Propinsi Daerah Istimewa Aceh</subfield>
            <subfield code="c">Proyek Penelitian dan pencatatan kebudayaan daerah</subfield>
          </datafield>
          <datafield tag="260" ind1="#" ind2="#">
            <subfield code="a">Jakarta</subfield>
            <subfield code="b">Proyek Penelitian dan Pencatatan Depdikbud</subfield>
            <subfield code="c">1978</subfield>
          </datafield>
          <datafield tag="300" ind1="#" ind2="#">
            <subfield code="a">x,126 hlm.</subfield>
            <subfield code="b">ilus.</subfield>
            <subfield code="c">23 cm.</subfield>
          </datafield>
          <datafield tag="650" ind1="#" ind2="#">
            <subfield code="a">Daerah Istimewa Aceh - Adat Istiadat</subfield>
          </datafield>
          <datafield tag="850" ind1="#" ind2="#">
            <subfield code="a">YOPDYOG</subfield>
          </datafield>
          <datafield tag="999" ind1="#" ind2="#">
            <subfield code="a">a000060633</subfield>
          </datafield>
          <datafield tag="856" ind1="4" ind2="0">
            <subfield code="u">http://balaiyanpus.jogjaprov.go.id/opac/detail-opac?id=87</subfield>
          </datafield>
        </record>
      </metadata>
    </record>