
    <record>
      <header>
        <identifier>oai:balaiyanpus.jogjaprov.go.id:95</identifier>
        <datestamp/>
      </header>
      <metadata>
        <record xmlns="http://www.loc.gov/MARC21/slim" xmlns:xsi="http://www.w3.org/2001/XMLSchema-instance" xsi:schemaLocation="http://www.loc.gov/MARC21/slim http://www.loc.gov/standards/marcxml/schema/MARC21slim.xsd">
          <controlfield tag="001">YOGYA-02090000005530</controlfield>
          <datafield tag="001" ind1="#" ind2="#">
            <subfield code="$">YOGYA-02090000005530</subfield>
          </datafield>
          <controlfield tag="005">20090227020822.0</controlfield>
          <datafield tag="005" ind1="#" ind2="#">
            <subfield code="$">20090227020822.0</subfield>
          </datafield>
          <datafield tag="008" ind1="#" ind2="#">
            <subfield code="$">***********************************ind**</subfield>
          </datafield>
          <datafield tag="035" ind1="#" ind2="#">
            <subfield code="0">010-020900000005530</subfield>
          </datafield>
          <datafield tag="082" ind1="#" ind2="#">
            <subfield code="a">297.5</subfield>
          </datafield>
          <datafield tag="090" ind1="#" ind2="#">
            <subfield code="a">297.5</subfield>
            <subfield code="b">Fal S</subfield>
          </datafield>
          <datafield tag="100" ind1="#" ind2="#">
            <subfield code="a">AL-FALIMBANI, Abdu S. Samad, Syaikh</subfield>
          </datafield>
          <datafield tag="245" ind1="#" ind2="#">
            <subfield code="a">Sairu S-Salikin,</subfield>
            <subfield code="c">Syaikh Abdu S-Samad Al-Falimbani, Abu Hanifah ; penyunting, Wahyuningsih</subfield>
          </datafield>
          <datafield tag="250" ind1="#" ind2="#">
            <subfield code="a">Ed. 1</subfield>
          </datafield>
          <datafield tag="260" ind1="#" ind2="#">
            <subfield code="a">Jakarta</subfield>
            <subfield code="b">Proyek Pengkajian dam Pembinaan Nilai-Nilai Budaya. Pusat Direktorat Sejarah DAn Nilai Tradisiona; Direktorat Jenderal Kebudayaan Departemen Pendidikan Dan Kebudayaan</subfield>
            <subfield code="c">1995</subfield>
          </datafield>
          <datafield tag="300" ind1="#" ind2="#">
            <subfield code="a">vii, 216 hlm</subfield>
            <subfield code="c">22 cm</subfield>
          </datafield>
          <datafield tag="500" ind1="#" ind2="#">
            <subfield code="a">Bibliografi : hlm 207-208</subfield>
          </datafield>
          <datafield tag="500" ind1="#" ind2="#">
            <subfield code="a">Indeks</subfield>
          </datafield>
          <datafield tag="650" ind1="#" ind2="#">
            <subfield code="a">Akhlak (Islam)</subfield>
          </datafield>
          <datafield tag="700" ind1="#" ind2="#">
            <subfield code="a">Abu Hanifah</subfield>
          </datafield>
          <datafield tag="700" ind1="#" ind2="#">
            <subfield code="a">Wahyuningsih</subfield>
          </datafield>
          <datafield tag="850" ind1="#" ind2="#">
            <subfield code="a">YOPDYOG(B)</subfield>
          </datafield>
          <datafield tag="980" ind1="#" ind2="#">
            <subfield code="a">210605</subfield>
          </datafield>
          <datafield tag="985" ind1="#" ind2="#">
            <subfield code="a">2</subfield>
          </datafield>
          <datafield tag="999" ind1="#" ind2="#">
            <subfield code="a">98A0029824</subfield>
          </datafield>
          <datafield tag="999" ind1="#" ind2="#">
            <subfield code="a">98A0029825</subfield>
          </datafield>
          <datafield tag="856" ind1="4" ind2="0">
            <subfield code="u">http://balaiyanpus.jogjaprov.go.id/opac/detail-opac?id=95</subfield>
          </datafield>
        </record>
      </metadata>
    </record>