
    <record>
      <header>
        <identifier>oai:balaiyanpus.jogjaprov.go.id:99</identifier>
        <datestamp/>
      </header>
      <metadata>
        <record xmlns="http://www.loc.gov/MARC21/slim" xmlns:xsi="http://www.w3.org/2001/XMLSchema-instance" xsi:schemaLocation="http://www.loc.gov/MARC21/slim http://www.loc.gov/standards/marcxml/schema/MARC21slim.xsd">
          <controlfield tag="001">YOGYA-02090000006134</controlfield>
          <datafield tag="001" ind1="#" ind2="#">
            <subfield code="$">YOGYA-02090000006134</subfield>
          </datafield>
          <controlfield tag="005">20141215131643.0</controlfield>
          <datafield tag="005" ind1="#" ind2="#">
            <subfield code="$">20141215131643.0</subfield>
          </datafield>
          <datafield tag="008" ind1="#" ind2="#">
            <subfield code="$">                                   ind  </subfield>
          </datafield>
          <datafield tag="035" ind1="#" ind2="#">
            <subfield code="a">0010-020900000006134</subfield>
          </datafield>
          <datafield tag="082" ind1="#" ind2="#">
            <subfield code="a">302.309598249</subfield>
          </datafield>
          <datafield tag="090" ind1="#" ind2="#">
            <subfield code="a">302.309598249 Set K</subfield>
          </datafield>
          <datafield tag="100" ind1="#" ind2="#">
            <subfield code="a">SETIAWATI, Lindyastuti</subfield>
          </datafield>
          <datafield tag="245" ind1="#" ind2="#">
            <subfield code="a">Keberadaan paguyuban-paguyuban etnik di daerah perantauan dalam menunjang pembinaan persatuan dan kesatuan (Kasus etnik banjar dalam paguyuban kalam, di surabaya</subfield>
            <subfield code="c">Lindyastuti, Setiawati, Siti Maria ; penyunting, Suhardi</subfield>
          </datafield>
          <datafield tag="260" ind1="#" ind2="#">
            <subfield code="a">Jakarta</subfield>
            <subfield code="b">Bagian Proyek pembinaan dan pengkajian Kebudayaan masa kini Direktorat Sejarah dan nilai..</subfield>
            <subfield code="c">1999</subfield>
          </datafield>
          <datafield tag="300" ind1="#" ind2="#">
            <subfield code="a">xiii, 92 hlm.</subfield>
            <subfield code="b">ilus.</subfield>
            <subfield code="c">21 cm.</subfield>
          </datafield>
          <datafield tag="500" ind1="#" ind2="#">
            <subfield code="a">Bibliografi : hlm. 91-92</subfield>
          </datafield>
          <datafield tag="650" ind1="#" ind2="#">
            <subfield code="a">Hubungan etnik - Banjar</subfield>
          </datafield>
          <datafield tag="700" ind1="#" ind2="#">
            <subfield code="a">Siti Maria</subfield>
          </datafield>
          <datafield tag="700" ind1="#" ind2="#">
            <subfield code="a">Suhardi</subfield>
          </datafield>
          <datafield tag="850" ind1="#" ind2="#">
            <subfield code="a">YOPDYOG</subfield>
          </datafield>
          <datafield tag="999" ind1="#" ind2="#">
            <subfield code="a">00A0002030</subfield>
          </datafield>
          <datafield tag="999" ind1="#" ind2="#">
            <subfield code="a">00A0002031</subfield>
          </datafield>
          <datafield tag="999" ind1="#" ind2="#">
            <subfield code="a">00A0002032</subfield>
          </datafield>
          <datafield tag="999" ind1="#" ind2="#">
            <subfield code="a">00A0002033</subfield>
          </datafield>
          <datafield tag="999" ind1="#" ind2="#">
            <subfield code="a">00A0002034</subfield>
          </datafield>
          <datafield tag="856" ind1="4" ind2="0">
            <subfield code="u">http://balaiyanpus.jogjaprov.go.id/opac/detail-opac?id=99</subfield>
          </datafield>
        </record>
      </metadata>
    </record>