
    <record>
      <header>
        <identifier>oai:balaiyanpus.jogjaprov.go.id:106</identifier>
        <datestamp/>
      </header>
      <metadata>
        <record xmlns="http://www.loc.gov/MARC21/slim" xmlns:xsi="http://www.w3.org/2001/XMLSchema-instance" xsi:schemaLocation="http://www.loc.gov/MARC21/slim http://www.loc.gov/standards/marcxml/schema/MARC21slim.xsd">
          <controlfield tag="001">YOGYA-02090000055445</controlfield>
          <datafield tag="001" ind1="#" ind2="#">
            <subfield code="$">YOGYA-02090000055445</subfield>
          </datafield>
          <controlfield tag="005">20170428075342.0</controlfield>
          <datafield tag="005" ind1="#" ind2="#">
            <subfield code="$">20170428075342.0</subfield>
          </datafield>
          <controlfield tag="006"/>
          <datafield tag="006" ind1="#" ind2="#">
            <subfield code="$"/>
          </datafield>
          <controlfield tag="007"/>
          <datafield tag="007" ind1="#" ind2="#">
            <subfield code="$"/>
          </datafield>
          <datafield tag="008" ind1="#" ind2="#">
            <subfield code="$">                                   ind  </subfield>
          </datafield>
          <datafield tag="020" ind1="#" ind2="#">
            <subfield code="a">979-698-050-9</subfield>
          </datafield>
          <datafield tag="035" ind1="#" ind2="#">
            <subfield code="0">010-020900000055445</subfield>
          </datafield>
          <datafield tag="040" ind1="#" ind2="#">
            <subfield code="a">YOPDYOG</subfield>
          </datafield>
          <datafield tag="082" ind1="#" ind2="#">
            <subfield code="a">614.594392</subfield>
          </datafield>
          <datafield tag="084" ind1="#" ind2="#">
            <subfield code="a">DEP 614.594392 Sun P</subfield>
          </datafield>
          <datafield tag="100" ind1="#" ind2="#">
            <subfield code="a">SUNARYO, Harjo</subfield>
          </datafield>
          <datafield tag="245" ind1="#" ind2="#">
            <subfield code="a">Penelitian tentang tingkat kepedulian karyawan swasta terhadap penderita AIDS di Daerah Istimewa Yogyakarta</subfield>
            <subfield code="c">/ Harjo Sunaryo; penyunting, Suwartono</subfield>
          </datafield>
          <datafield tag="260" ind1="#" ind2="#">
            <subfield code="a">Yogyakarta</subfield>
            <subfield code="b">Departemen Sosial RI Badan Pelatihan dan Pengembangan Sosial Balai Besar Penelitian dan Pengembangan Pelayanan Kesejahteraan Sosial</subfield>
            <subfield code="c">2002</subfield>
          </datafield>
          <datafield tag="300" ind1="#" ind2="#">
            <subfield code="a">viii, 62 hlm.</subfield>
            <subfield code="b">: ilus.</subfield>
            <subfield code="c">; 21 cm.</subfield>
          </datafield>
          <datafield tag="504" ind1="#" ind2="#">
            <subfield code="a">Bibliografi : hlm. 58-59</subfield>
          </datafield>
          <datafield tag="650" ind1="#" ind2="#">
            <subfield code="a">Aids (Penyakit)</subfield>
          </datafield>
          <datafield tag="700" ind1="#" ind2="#">
            <subfield code="a">Suwartono</subfield>
          </datafield>
          <datafield tag="850" ind1="#" ind2="#">
            <subfield code="a">YOPDYOG</subfield>
          </datafield>
          <datafield tag="990" ind1="#" ind2="#">
            <subfield code="a">CB-D.11/2002-193</subfield>
          </datafield>
          <datafield tag="856" ind1="4" ind2="0">
            <subfield code="u">http://balaiyanpus.jogjaprov.go.id/opac/detail-opac?id=106</subfield>
          </datafield>
        </record>
      </metadata>
    </record>