
    <record>
      <header>
        <identifier>oai:balaiyanpus.jogjaprov.go.id:108</identifier>
        <datestamp/>
      </header>
      <metadata>
        <record xmlns="http://www.loc.gov/MARC21/slim" xmlns:xsi="http://www.w3.org/2001/XMLSchema-instance" xsi:schemaLocation="http://www.loc.gov/MARC21/slim http://www.loc.gov/standards/marcxml/schema/MARC21slim.xsd">
          <controlfield tag="001">YOGYA-02090000015966</controlfield>
          <datafield tag="001" ind1="#" ind2="#">
            <subfield code="$">YOGYA-02090000015966</subfield>
          </datafield>
          <controlfield tag="005">20150211120103.0</controlfield>
          <datafield tag="005" ind1="#" ind2="#">
            <subfield code="$">20150211120103.0</subfield>
          </datafield>
          <datafield tag="008" ind1="#" ind2="#">
            <subfield code="$">                                   ind  </subfield>
          </datafield>
          <datafield tag="035" ind1="#" ind2="#">
            <subfield code="a">0010-020900000015966</subfield>
          </datafield>
          <datafield tag="082" ind1="#" ind2="#">
            <subfield code="a">371.335</subfield>
          </datafield>
          <datafield tag="090" ind1="#" ind2="#">
            <subfield code="a">371.335</subfield>
            <subfield code="b">Sul M</subfield>
          </datafield>
          <datafield tag="100" ind1="#" ind2="#">
            <subfield code="a">SULEIMAN, Amir Hamzah</subfield>
          </datafield>
          <datafield tag="245" ind1="#" ind2="#">
            <subfield code="a">Media audio-visual untuk pengajaran, penerangan dan penyuluhan</subfield>
            <subfield code="c">Amir Hamzah Suleiman</subfield>
          </datafield>
          <datafield tag="250" ind1="#" ind2="#">
            <subfield code="a">Cet. 1</subfield>
          </datafield>
          <datafield tag="260" ind1="#" ind2="#">
            <subfield code="a">Jakarta</subfield>
            <subfield code="b">Gramedia</subfield>
            <subfield code="c">1981</subfield>
          </datafield>
          <datafield tag="300" ind1="#" ind2="#">
            <subfield code="a">viii, 227 hlm</subfield>
            <subfield code="b">ilus</subfield>
            <subfield code="c">21 cm</subfield>
          </datafield>
          <datafield tag="500" ind1="#" ind2="#">
            <subfield code="a">Bibliografi : hlm. 225</subfield>
          </datafield>
          <datafield tag="650" ind1="#" ind2="#">
            <subfield code="a">Media pendidikan</subfield>
          </datafield>
          <datafield tag="850" ind1="#" ind2="#">
            <subfield code="a">YOPDYOG(B)</subfield>
          </datafield>
          <datafield tag="999" ind1="#" ind2="#">
            <subfield code="a">P000025708</subfield>
          </datafield>
          <datafield tag="999" ind1="#" ind2="#">
            <subfield code="a">b000038547</subfield>
          </datafield>
          <datafield tag="856" ind1="4" ind2="0">
            <subfield code="u">http://balaiyanpus.jogjaprov.go.id/opac/detail-opac?id=108</subfield>
          </datafield>
        </record>
      </metadata>
    </record>