
    <record>
      <header>
        <identifier>oai:balaiyanpus.jogjaprov.go.id:111</identifier>
        <datestamp/>
      </header>
      <metadata>
        <record xmlns="http://www.loc.gov/MARC21/slim" xmlns:xsi="http://www.w3.org/2001/XMLSchema-instance" xsi:schemaLocation="http://www.loc.gov/MARC21/slim http://www.loc.gov/standards/marcxml/schema/MARC21slim.xsd">
          <controlfield tag="001">YOGYA-02120000000683</controlfield>
          <datafield tag="001" ind1="#" ind2="#">
            <subfield code="$">YOGYA-02120000000683</subfield>
          </datafield>
          <controlfield tag="005">20160923134057.0</controlfield>
          <datafield tag="005" ind1="#" ind2="#">
            <subfield code="$">20160923134057.0</subfield>
          </datafield>
          <controlfield tag="006"/>
          <datafield tag="006" ind1="#" ind2="#">
            <subfield code="$"/>
          </datafield>
          <controlfield tag="007"/>
          <datafield tag="007" ind1="#" ind2="#">
            <subfield code="$"/>
          </datafield>
          <datafield tag="008" ind1="#" ind2="#">
            <subfield code="$">                                   ind  </subfield>
          </datafield>
          <datafield tag="035" ind1="#" ind2="#">
            <subfield code="0">010-021200000000683</subfield>
          </datafield>
          <datafield tag="040" ind1="#" ind2="#">
            <subfield code="a">YOPDYOG</subfield>
          </datafield>
          <datafield tag="082" ind1="#" ind2="#">
            <subfield code="a">611.6</subfield>
          </datafield>
          <datafield tag="090" ind1="#" ind2="#">
            <subfield code="a">DEP 611.6 Bad</subfield>
          </datafield>
          <datafield tag="245" ind1="#" ind2="#">
            <subfield code="a">Tanya jawab kesehatan reproduksi remaja: lebih sehat lebih gaya ! / Badan kesejahteraan keluarga, pemberdayaan perempuan dan keluarga Berencana</subfield>
          </datafield>
          <datafield tag="260" ind1="#" ind2="#">
            <subfield code="a">Yogyakarta</subfield>
            <subfield code="b">Badan Kesejahteraan Keluarga, Pemberdayaan Perempuan dan Kelurga Berencana kabupaten bantul</subfield>
            <subfield code="c">2008</subfield>
          </datafield>
          <datafield tag="300" ind1="#" ind2="#">
            <subfield code="a">40 hlm</subfield>
            <subfield code="b">ilus</subfield>
            <subfield code="c">21 cm</subfield>
          </datafield>
          <datafield tag="504" ind1="#" ind2="#">
            <subfield code="a">Bibliografi : hlm. 40</subfield>
          </datafield>
          <datafield tag="650" ind1="#" ind2="#">
            <subfield code="a">Kelamin, Organ - Kesehatan</subfield>
          </datafield>
          <datafield tag="850" ind1="#" ind2="#">
            <subfield code="a">YOPDYOG</subfield>
          </datafield>
          <datafield tag="990" ind1="#" ind2="#">
            <subfield code="a">CB-D.11-2011-2039</subfield>
          </datafield>
          <datafield tag="856" ind1="4" ind2="0">
            <subfield code="u">http://balaiyanpus.jogjaprov.go.id/opac/detail-opac?id=111</subfield>
          </datafield>
        </record>
      </metadata>
    </record>