
    <record>
      <header>
        <identifier>oai:balaiyanpus.jogjaprov.go.id:112</identifier>
        <datestamp/>
      </header>
      <metadata>
        <record xmlns="http://www.loc.gov/MARC21/slim" xmlns:xsi="http://www.w3.org/2001/XMLSchema-instance" xsi:schemaLocation="http://www.loc.gov/MARC21/slim http://www.loc.gov/standards/marcxml/schema/MARC21slim.xsd">
          <controlfield tag="001">YOGYA-02090000000038</controlfield>
          <datafield tag="001" ind1="#" ind2="#">
            <subfield code="$">YOGYA-02090000000038</subfield>
          </datafield>
          <controlfield tag="005">20141215132102.0</controlfield>
          <datafield tag="005" ind1="#" ind2="#">
            <subfield code="$">20141215132102.0</subfield>
          </datafield>
          <datafield tag="008" ind1="#" ind2="#">
            <subfield code="$">                                   ind  </subfield>
          </datafield>
          <datafield tag="035" ind1="#" ind2="#">
            <subfield code="a">0010-020900000000038</subfield>
          </datafield>
          <datafield tag="040" ind1="#" ind2="#">
            <subfield code="a">YOPDYOG</subfield>
          </datafield>
          <datafield tag="082" ind1="#" ind2="#">
            <subfield code="a">346.0438</subfield>
          </datafield>
          <datafield tag="090" ind1="#" ind2="#">
            <subfield code="a">R 346.0438 Ind P</subfield>
          </datafield>
          <datafield tag="110" ind1="#" ind2="#">
            <subfield code="a">INDONESIA [Undang-undang, peraturan dsb.]</subfield>
          </datafield>
          <datafield tag="245" ind1="#" ind2="#">
            <subfield code="a">Peraturan penunjang pejabat pembuat akta tanah dan hak tangungan atas tanah</subfield>
            <subfield code="b">dilengkapi dengan penanganan masalah pertanahan, pembentukan tim / kelompok kerja penyusunan rencana kegiatan lima tahunan bidang pertanahan ..</subfield>
          </datafield>
          <datafield tag="260" ind1="#" ind2="#">
            <subfield code="a">Jakarta</subfield>
            <subfield code="b">Cipta Jaya</subfield>
            <subfield code="c">2004</subfield>
          </datafield>
          <datafield tag="300" ind1="#" ind2="#">
            <subfield code="a">viii, 398 hlm.</subfield>
            <subfield code="b">lamp.</subfield>
            <subfield code="c">22 cm.</subfield>
          </datafield>
          <datafield tag="440" ind1="#" ind2="#">
            <subfield code="a">Seri Pertanahan</subfield>
          </datafield>
          <datafield tag="650" ind1="#" ind2="#">
            <subfield code="a">Akta tanah - Undang - undang, Peraturan dsb</subfield>
          </datafield>
          <datafield tag="850" ind1="#" ind2="#">
            <subfield code="a">YOPDYOG</subfield>
          </datafield>
          <datafield tag="990" ind1="#" ind2="#">
            <subfield code="a">2593-PD/P.04</subfield>
          </datafield>
          <datafield tag="990" ind1="#" ind2="#">
            <subfield code="a">2594-PD/P.04</subfield>
          </datafield>
          <datafield tag="856" ind1="4" ind2="0">
            <subfield code="u">http://balaiyanpus.jogjaprov.go.id/opac/detail-opac?id=112</subfield>
          </datafield>
        </record>
      </metadata>
    </record>