
    <record>
      <header>
        <identifier>oai:balaiyanpus.jogjaprov.go.id:113</identifier>
        <datestamp/>
      </header>
      <metadata>
        <record xmlns="http://www.loc.gov/MARC21/slim" xmlns:xsi="http://www.w3.org/2001/XMLSchema-instance" xsi:schemaLocation="http://www.loc.gov/MARC21/slim http://www.loc.gov/standards/marcxml/schema/MARC21slim.xsd">
          <controlfield tag="001">YOGYA-02090000002191</controlfield>
          <datafield tag="001" ind1="#" ind2="#">
            <subfield code="$">YOGYA-02090000002191</subfield>
          </datafield>
          <controlfield tag="005">20150420133339.0</controlfield>
          <datafield tag="005" ind1="#" ind2="#">
            <subfield code="$">20150420133339.0</subfield>
          </datafield>
          <datafield tag="008" ind1="#" ind2="#">
            <subfield code="$">                                   ind  </subfield>
          </datafield>
          <datafield tag="020" ind1="#" ind2="#">
            <subfield code="a">979-688-489-5</subfield>
          </datafield>
          <datafield tag="035" ind1="#" ind2="#">
            <subfield code="a">0010-020900000002191</subfield>
          </datafield>
          <datafield tag="040" ind1="#" ind2="#">
            <subfield code="a">YOPDYOG</subfield>
          </datafield>
          <datafield tag="082" ind1="#" ind2="#">
            <subfield code="a">423</subfield>
          </datafield>
          <datafield tag="090" ind1="#" ind2="#">
            <subfield code="a">RQ 423</subfield>
            <subfield code="b">San O</subfield>
          </datafield>
          <datafield tag="100" ind1="#" ind2="#">
            <subfield code="a">SANSOME, Rosemary</subfield>
          </datafield>
          <datafield tag="245" ind1="#" ind2="#">
            <subfield code="a">Oxford kamus junior bergambar</subfield>
            <subfield code="c">disusun oleh Rosemary Sansome, Dee Reid, Alan Spooner ; digambar oleh Barry Rowe ; alih bahasa Agustinus Rohadi ; editor Dwi Wahyu priyanto</subfield>
          </datafield>
          <datafield tag="250" ind1="#" ind2="#">
            <subfield code="a">Cet. 1</subfield>
          </datafield>
          <datafield tag="260" ind1="#" ind2="#">
            <subfield code="a">Jakarta</subfield>
            <subfield code="b">Erlangga</subfield>
            <subfield code="c">2002</subfield>
          </datafield>
          <datafield tag="300" ind1="#" ind2="#">
            <subfield code="a">336 hlm</subfield>
            <subfield code="b">ilus26 cm</subfield>
          </datafield>
          <datafield tag="500" ind1="#" ind2="#">
            <subfield code="a">Judul asli : The Oxford Illustrated Junior dictionary</subfield>
          </datafield>
          <datafield tag="650" ind1="#" ind2="#">
            <subfield code="a">Bahasa Inggris - Kamus - Indonesia</subfield>
          </datafield>
          <datafield tag="700" ind1="#" ind2="#">
            <subfield code="a">Rohadi, Agustinus</subfield>
          </datafield>
          <datafield tag="700" ind1="#" ind2="#">
            <subfield code="a">Rowe, barry</subfield>
          </datafield>
          <datafield tag="700" ind1="#" ind2="#">
            <subfield code="a">Spooner, Alan</subfield>
          </datafield>
          <datafield tag="700" ind1="#" ind2="#">
            <subfield code="a">Reid, Dee</subfield>
          </datafield>
          <datafield tag="700" ind1="#" ind2="#">
            <subfield code="a">Priyanto, Ig Dwi Wahyu</subfield>
          </datafield>
          <datafield tag="850" ind1="#" ind2="#">
            <subfield code="a">YOPDYOG</subfield>
          </datafield>
          <datafield tag="990" ind1="#" ind2="#">
            <subfield code="a">2231-PD/B.04</subfield>
          </datafield>
          <datafield tag="856" ind1="4" ind2="0">
            <subfield code="u">http://balaiyanpus.jogjaprov.go.id/opac/detail-opac?id=113</subfield>
          </datafield>
        </record>
      </metadata>
    </record>