
    <record>
      <header>
        <identifier>oai:balaiyanpus.jogjaprov.go.id:129</identifier>
        <datestamp/>
      </header>
      <metadata>
        <record xmlns="http://www.loc.gov/MARC21/slim" xmlns:xsi="http://www.w3.org/2001/XMLSchema-instance" xsi:schemaLocation="http://www.loc.gov/MARC21/slim http://www.loc.gov/standards/marcxml/schema/MARC21slim.xsd">
          <controlfield tag="001">YOGYA-02090000044187</controlfield>
          <datafield tag="001" ind1="#" ind2="#">
            <subfield code="$">YOGYA-02090000044187</subfield>
          </datafield>
          <controlfield tag="005">20140701201619.0</controlfield>
          <datafield tag="005" ind1="#" ind2="#">
            <subfield code="$">20140701201619.0</subfield>
          </datafield>
          <controlfield tag="006"/>
          <datafield tag="006" ind1="#" ind2="#">
            <subfield code="$"/>
          </datafield>
          <controlfield tag="007"/>
          <datafield tag="007" ind1="#" ind2="#">
            <subfield code="$"/>
          </datafield>
          <datafield tag="008" ind1="#" ind2="#">
            <subfield code="$">                                   ind  </subfield>
          </datafield>
          <datafield tag="035" ind1="#" ind2="#">
            <subfield code="a">0010-020900000044187</subfield>
          </datafield>
          <datafield tag="082" ind1="#" ind2="#">
            <subfield code="a">352.12068</subfield>
          </datafield>
          <datafield tag="090" ind1="#" ind2="#">
            <subfield code="a">352.12068</subfield>
            <subfield code="b">Ind B</subfield>
          </datafield>
          <datafield tag="110" ind1="#" ind2="#">
            <subfield code="a">INDONESIA. [Peraturan, dsb.]</subfield>
          </datafield>
          <datafield tag="245" ind1="#" ind2="#">
            <subfield code="a">Buku peraturan pemerintah Republik Indonesia no. 5 tahun 1975 tentang pengurusan, pertanggung jawaban dan pengawasan keuangan daerah dan peraturan pemerintah Republik Indonesia no. 6 tahun 1975 tentang cara penyusunan anggaran pendapatan dan belanja daerah</subfield>
          </datafield>
          <datafield tag="260" ind1="#" ind2="#">
            <subfield code="a">[s.l.]</subfield>
            <subfield code="b">[s.n.]</subfield>
            <subfield code="c">[s.a.]</subfield>
          </datafield>
          <datafield tag="300" ind1="#" ind2="#">
            <subfield code="a">14 lembar</subfield>
            <subfield code="c">32 cm</subfield>
          </datafield>
          <datafield tag="650" ind1="#" ind2="#">
            <subfield code="a">Anggaran Pendapatan dan Belanja Daerah - Undang-undang, Peraturan, dsb</subfield>
          </datafield>
          <datafield tag="850" ind1="#" ind2="#">
            <subfield code="a">YOPDYOG B</subfield>
          </datafield>
          <datafield tag="999" ind1="#" ind2="#">
            <subfield code="a">07A0026750</subfield>
          </datafield>
          <datafield tag="856" ind1="4" ind2="0">
            <subfield code="u">http://balaiyanpus.jogjaprov.go.id/opac/detail-opac?id=129</subfield>
          </datafield>
        </record>
      </metadata>
    </record>