
    <record>
      <header>
        <identifier>oai:balaiyanpus.jogjaprov.go.id:149</identifier>
        <datestamp/>
      </header>
      <metadata>
        <record xmlns="http://www.loc.gov/MARC21/slim" xmlns:xsi="http://www.w3.org/2001/XMLSchema-instance" xsi:schemaLocation="http://www.loc.gov/MARC21/slim http://www.loc.gov/standards/marcxml/schema/MARC21slim.xsd">
          <controlfield tag="001">YOGYA-02090000065315</controlfield>
          <datafield tag="001" ind1="#" ind2="#">
            <subfield code="$">YOGYA-02090000065315</subfield>
          </datafield>
          <controlfield tag="005">20150429085253.0</controlfield>
          <datafield tag="005" ind1="#" ind2="#">
            <subfield code="$">20150429085253.0</subfield>
          </datafield>
          <datafield tag="008" ind1="#" ind2="#">
            <subfield code="$">                                   ind  </subfield>
          </datafield>
          <datafield tag="035" ind1="#" ind2="#">
            <subfield code="a">0010-020900000065315</subfield>
          </datafield>
          <datafield tag="082" ind1="#" ind2="#">
            <subfield code="a">808.9</subfield>
          </datafield>
          <datafield tag="090" ind1="#" ind2="#">
            <subfield code="a">808.9</subfield>
            <subfield code="b">Sal</subfield>
          </datafield>
          <datafield tag="245" ind1="#" ind2="#">
            <subfield code="a">De Salamander reaks van de beste vorspronkelijke en verlaaldl romans</subfield>
            <subfield code="b">het Salamander boek</subfield>
          </datafield>
          <datafield tag="260" ind1="#" ind2="#">
            <subfield code="a">Amsterdam</subfield>
            <subfield code="b">N.V. EM. Queridos Uitgevers-Maatschappij</subfield>
            <subfield code="c">1938</subfield>
          </datafield>
          <datafield tag="300" ind1="#" ind2="#">
            <subfield code="a">150 hlm. :</subfield>
            <subfield code="b">ilus. ;</subfield>
            <subfield code="c">20 cm.</subfield>
          </datafield>
          <datafield tag="650" ind1="#" ind2="#">
            <subfield code="a">Kesusasteraan belanda - Kepengarangan</subfield>
          </datafield>
          <datafield tag="850" ind1="#" ind2="#">
            <subfield code="a">YOPDYOG</subfield>
          </datafield>
          <datafield tag="990" ind1="#" ind2="#">
            <subfield code="a">48255-a</subfield>
          </datafield>
          <datafield tag="999" ind1="#" ind2="#">
            <subfield code="a">a000048255</subfield>
          </datafield>
          <datafield tag="856" ind1="4" ind2="0">
            <subfield code="u">http://balaiyanpus.jogjaprov.go.id/opac/detail-opac?id=149</subfield>
          </datafield>
        </record>
      </metadata>
    </record>