
    <record>
      <header>
        <identifier>oai:balaiyanpus.jogjaprov.go.id:153</identifier>
        <datestamp/>
      </header>
      <metadata>
        <record xmlns="http://www.loc.gov/MARC21/slim" xmlns:xsi="http://www.w3.org/2001/XMLSchema-instance" xsi:schemaLocation="http://www.loc.gov/MARC21/slim http://www.loc.gov/standards/marcxml/schema/MARC21slim.xsd">
          <controlfield tag="001">YOGYA-02090000017010</controlfield>
          <datafield tag="001" ind1="#" ind2="#">
            <subfield code="$">YOGYA-02090000017010</subfield>
          </datafield>
          <controlfield tag="005">20141215093024.0</controlfield>
          <datafield tag="005" ind1="#" ind2="#">
            <subfield code="$">20141215093024.0</subfield>
          </datafield>
          <datafield tag="008" ind1="#" ind2="#">
            <subfield code="$">                                   ind  </subfield>
          </datafield>
          <datafield tag="035" ind1="#" ind2="#">
            <subfield code="a">0010-020900000017010</subfield>
          </datafield>
          <datafield tag="082" ind1="#" ind2="#">
            <subfield code="a">531.207</subfield>
          </datafield>
          <datafield tag="090" ind1="#" ind2="#">
            <subfield code="a">531.207 Jiw I</subfield>
          </datafield>
          <datafield tag="100" ind1="#" ind2="#">
            <subfield code="a">JIWATAMPU, B.A.F</subfield>
          </datafield>
          <datafield tag="245" ind1="#" ind2="#">
            <subfield code="a">Ilmu pesawat dengan soal-soal dan penjelesaiannja ditambah dengan soal-soal udjian achir S.M.A. dan penjelesaiannja untuk S.M.A. dan sederadjat</subfield>
            <subfield code="c">oleh B.A.F. Djiwatampu</subfield>
          </datafield>
          <datafield tag="260" ind1="#" ind2="#">
            <subfield code="a">Bandung</subfield>
            <subfield code="b">[s.n.]</subfield>
          </datafield>
          <datafield tag="300" ind1="#" ind2="#">
            <subfield code="a">501 hlm.</subfield>
            <subfield code="b">ilus.</subfield>
            <subfield code="c">21 cm.</subfield>
          </datafield>
          <datafield tag="650" ind1="#" ind2="#">
            <subfield code="a">Ilmu pesawat - Ujian, soal, dsb</subfield>
          </datafield>
          <datafield tag="850" ind1="#" ind2="#">
            <subfield code="a">YOPDYOG</subfield>
          </datafield>
          <datafield tag="999" ind1="#" ind2="#">
            <subfield code="a">A000010378</subfield>
          </datafield>
          <datafield tag="856" ind1="4" ind2="0">
            <subfield code="u">http://balaiyanpus.jogjaprov.go.id/opac/detail-opac?id=153</subfield>
          </datafield>
        </record>
      </metadata>
    </record>