
    <record>
      <header>
        <identifier>oai:balaiyanpus.jogjaprov.go.id:164</identifier>
        <datestamp/>
      </header>
      <metadata>
        <record xmlns="http://www.loc.gov/MARC21/slim" xmlns:xsi="http://www.w3.org/2001/XMLSchema-instance" xsi:schemaLocation="http://www.loc.gov/MARC21/slim http://www.loc.gov/standards/marcxml/schema/MARC21slim.xsd">
          <controlfield tag="001">YOGYA-02090000022911</controlfield>
          <datafield tag="001" ind1="#" ind2="#">
            <subfield code="$">YOGYA-02090000022911</subfield>
          </datafield>
          <controlfield tag="005">20141208125418.0</controlfield>
          <datafield tag="005" ind1="#" ind2="#">
            <subfield code="$">20141208125418.0</subfield>
          </datafield>
          <datafield tag="008" ind1="#" ind2="#">
            <subfield code="$">                                   ind  </subfield>
          </datafield>
          <datafield tag="035" ind1="#" ind2="#">
            <subfield code="a">0010-020900000022911</subfield>
          </datafield>
          <datafield tag="082" ind1="#" ind2="#">
            <subfield code="a">574.526</subfield>
          </datafield>
          <datafield tag="090" ind1="#" ind2="#">
            <subfield code="a">574.526 Wir C</subfield>
          </datafield>
          <datafield tag="100" ind1="#" ind2="#">
            <subfield code="a">WIRAKUSUMAH, R. Sambas</subfield>
          </datafield>
          <datafield tag="245" ind1="#" ind2="#">
            <subfield code="a">Cita dan fenomena hutan tropika Humida Kalimantan Timur</subfield>
            <subfield code="c">R. Sambas Wirakusumah</subfield>
          </datafield>
          <datafield tag="250" ind1="#" ind2="#">
            <subfield code="a">Cet. 1</subfield>
          </datafield>
          <datafield tag="260" ind1="#" ind2="#">
            <subfield code="a">Jakarta</subfield>
            <subfield code="b">Pradnya Paramita</subfield>
            <subfield code="c">1980</subfield>
          </datafield>
          <datafield tag="300" ind1="#" ind2="#">
            <subfield code="a">256 hlm.</subfield>
            <subfield code="b">ilus.</subfield>
            <subfield code="c">21 cm.</subfield>
          </datafield>
          <datafield tag="500" ind1="#" ind2="#">
            <subfield code="a">Bibliografi : hlm. 156</subfield>
          </datafield>
          <datafield tag="650" ind1="#" ind2="#">
            <subfield code="a">Hutan Tropik</subfield>
          </datafield>
          <datafield tag="850" ind1="#" ind2="#">
            <subfield code="a">YOPDYOG</subfield>
          </datafield>
          <datafield tag="999" ind1="#" ind2="#">
            <subfield code="a">06-A/0020661</subfield>
          </datafield>
          <datafield tag="999" ind1="#" ind2="#">
            <subfield code="a">06-A/0020662</subfield>
          </datafield>
          <datafield tag="856" ind1="4" ind2="0">
            <subfield code="u">http://balaiyanpus.jogjaprov.go.id/opac/detail-opac?id=164</subfield>
          </datafield>
        </record>
      </metadata>
    </record>