
    <record>
      <header>
        <identifier>oai:balaiyanpus.jogjaprov.go.id:169</identifier>
        <datestamp/>
      </header>
      <metadata>
        <record xmlns="http://www.loc.gov/MARC21/slim" xmlns:xsi="http://www.w3.org/2001/XMLSchema-instance" xsi:schemaLocation="http://www.loc.gov/MARC21/slim http://www.loc.gov/standards/marcxml/schema/MARC21slim.xsd">
          <controlfield tag="001">YOGYA-02090000035778</controlfield>
          <datafield tag="001" ind1="#" ind2="#">
            <subfield code="$">YOGYA-02090000035778</subfield>
          </datafield>
          <controlfield tag="005">20150429090708.0</controlfield>
          <datafield tag="005" ind1="#" ind2="#">
            <subfield code="$">20150429090708.0</subfield>
          </datafield>
          <datafield tag="008" ind1="#" ind2="#">
            <subfield code="$">                                   ind  </subfield>
          </datafield>
          <datafield tag="035" ind1="#" ind2="#">
            <subfield code="a">0010-020900000035778</subfield>
          </datafield>
          <datafield tag="040" ind1="#" ind2="#">
            <subfield code="a">YOPDYOG</subfield>
          </datafield>
          <datafield tag="082" ind1="#" ind2="#">
            <subfield code="a">992.621</subfield>
          </datafield>
          <datafield tag="090" ind1="#" ind2="#">
            <subfield code="a">992.621 Pro S</subfield>
          </datafield>
          <datafield tag="111" ind1="#" ind2="#">
            <subfield code="a">Proyek Penelitian dan Pencatatan Kebudayaan Daerah</subfield>
          </datafield>
          <datafield tag="245" ind1="#" ind2="#">
            <subfield code="a">Sejarah daerah Sulawesi Selatan</subfield>
            <subfield code="c">oleh Proyek Penelitian dan Pencatatan Kebudayaan Daerah Tim peneliti Harun Kadir, Muchlis Paeni, La Side Daeng Tupali</subfield>
          </datafield>
          <datafield tag="250" ind1="#" ind2="#">
            <subfield code="a">Cet. 1</subfield>
          </datafield>
          <datafield tag="260" ind1="#" ind2="#">
            <subfield code="a">Jakarta</subfield>
            <subfield code="b">Depdikbud. Proyek Penelitian dan Pencatatan Kebudayaan Daerah</subfield>
          </datafield>
          <datafield tag="300" ind1="#" ind2="#">
            <subfield code="a">xix, 162 hlm. :</subfield>
            <subfield code="b">ilus. ;</subfield>
            <subfield code="c">23 cm.</subfield>
          </datafield>
          <datafield tag="504" ind1="#" ind2="#">
            <subfield code="a">Bibliografi : hlm. 152-154</subfield>
          </datafield>
          <datafield tag="650" ind1="#" ind2="#">
            <subfield code="a">Sulawesi Selatan - Sejarah</subfield>
          </datafield>
          <datafield tag="850" ind1="#" ind2="#">
            <subfield code="a">YOPDYOG</subfield>
          </datafield>
          <datafield tag="990" ind1="#" ind2="#">
            <subfield code="a">21674-a</subfield>
          </datafield>
          <datafield tag="856" ind1="4" ind2="0">
            <subfield code="u">http://balaiyanpus.jogjaprov.go.id/opac/detail-opac?id=169</subfield>
          </datafield>
        </record>
      </metadata>
    </record>