
    <record>
      <header>
        <identifier>oai:balaiyanpus.jogjaprov.go.id:171</identifier>
        <datestamp/>
      </header>
      <metadata>
        <record xmlns="http://www.loc.gov/MARC21/slim" xmlns:xsi="http://www.w3.org/2001/XMLSchema-instance" xsi:schemaLocation="http://www.loc.gov/MARC21/slim http://www.loc.gov/standards/marcxml/schema/MARC21slim.xsd">
          <controlfield tag="001">YOGYA-02090000042488</controlfield>
          <datafield tag="001" ind1="#" ind2="#">
            <subfield code="$">YOGYA-02090000042488</subfield>
          </datafield>
          <controlfield tag="005">20141208125948.0</controlfield>
          <datafield tag="005" ind1="#" ind2="#">
            <subfield code="$">20141208125948.0</subfield>
          </datafield>
          <datafield tag="008" ind1="#" ind2="#">
            <subfield code="$">                                   ind  </subfield>
          </datafield>
          <datafield tag="035" ind1="#" ind2="#">
            <subfield code="a">0010-020900000042488</subfield>
          </datafield>
          <datafield tag="041" ind1="#" ind2="#">
            <subfield code="a">Ind</subfield>
          </datafield>
          <datafield tag="043" ind1="#" ind2="#">
            <subfield code="a">YOPDYOG</subfield>
          </datafield>
          <datafield tag="082" ind1="#" ind2="#">
            <subfield code="a">349.598 23</subfield>
          </datafield>
          <datafield tag="090" ind1="#" ind2="#">
            <subfield code="a">YOG 349.598 23</subfield>
            <subfield code="b">Yog L</subfield>
          </datafield>
          <datafield tag="110" ind1="#" ind2="#">
            <subfield code="a">YOGYAKARTA.(Daerah Istimewa) [Peraturan-Peraturan]</subfield>
          </datafield>
          <datafield tag="245" ind1="#" ind2="#">
            <subfield code="a">Lembaran daerah dan tembahan lembaran daerah Propinsi Daerah Istimewa Yogyakarta</subfield>
          </datafield>
          <datafield tag="260" ind1="#" ind2="#">
            <subfield code="a">Yogyakarta</subfield>
            <subfield code="b">Biro Hukum Sekretariat Wilayah Daerah Propinsi Daerah Istimewa Yogyakarta</subfield>
            <subfield code="c">1982</subfield>
          </datafield>
          <datafield tag="300" ind1="#" ind2="#">
            <subfield code="a">[1242] hlm</subfield>
            <subfield code="b">ilus</subfield>
            <subfield code="c">22 cm</subfield>
          </datafield>
          <datafield tag="650" ind1="#" ind2="#">
            <subfield code="a">Peraturan daerah - Yogyakarta</subfield>
          </datafield>
          <datafield tag="850" ind1="#" ind2="#">
            <subfield code="a">YOPDYOG</subfield>
          </datafield>
          <datafield tag="999" ind1="#" ind2="#">
            <subfield code="a">07-A/0024531</subfield>
          </datafield>
          <datafield tag="856" ind1="4" ind2="0">
            <subfield code="u">http://balaiyanpus.jogjaprov.go.id/opac/detail-opac?id=171</subfield>
          </datafield>
        </record>
      </metadata>
    </record>