
    <record>
      <header>
        <identifier>oai:balaiyanpus.jogjaprov.go.id:172</identifier>
        <datestamp/>
      </header>
      <metadata>
        <record xmlns="http://www.loc.gov/MARC21/slim" xmlns:xsi="http://www.w3.org/2001/XMLSchema-instance" xsi:schemaLocation="http://www.loc.gov/MARC21/slim http://www.loc.gov/standards/marcxml/schema/MARC21slim.xsd">
          <controlfield tag="001">YOGYA-02090000043485</controlfield>
          <datafield tag="001" ind1="#" ind2="#">
            <subfield code="$">YOGYA-02090000043485</subfield>
          </datafield>
          <controlfield tag="005">20141208130046.0</controlfield>
          <datafield tag="005" ind1="#" ind2="#">
            <subfield code="$">20141208130046.0</subfield>
          </datafield>
          <datafield tag="008" ind1="#" ind2="#">
            <subfield code="$">                                   ind  </subfield>
          </datafield>
          <datafield tag="035" ind1="#" ind2="#">
            <subfield code="a">0010-020900000043485</subfield>
          </datafield>
          <datafield tag="082" ind1="#" ind2="#">
            <subfield code="a">352.12</subfield>
          </datafield>
          <datafield tag="090" ind1="#" ind2="#">
            <subfield code="a">YOG 352.12 Yog J</subfield>
          </datafield>
          <datafield tag="110" ind1="#" ind2="#">
            <subfield code="a">YOGYAKARTA (Daerah Istimewa). Pemerintah Daerah</subfield>
          </datafield>
          <datafield tag="245" ind1="#" ind2="#">
            <subfield code="a">Jawaban Gubernur Kepala Daerah atas pandangan umum fraksi-fraksi terhadap perubahan anggaran pendapatan dan belanja daerah tahun anggaran 1980/1981 pada sidang paripurna DPRD</subfield>
            <subfield code="c">Pemerintah Daerah Propinsi DIY</subfield>
          </datafield>
          <datafield tag="260" ind1="#" ind2="#">
            <subfield code="a">Yogyakarta</subfield>
            <subfield code="b">Pemeirntah Propinsi Daerah Istimewa Yogyakarta</subfield>
            <subfield code="c">[1980/1981]</subfield>
          </datafield>
          <datafield tag="300" ind1="#" ind2="#">
            <subfield code="a">15 lembar</subfield>
            <subfield code="c">32 cm.</subfield>
          </datafield>
          <datafield tag="650" ind1="#" ind2="#">
            <subfield code="a">Anggaran pendapatan dan belanja daerah</subfield>
          </datafield>
          <datafield tag="850" ind1="#" ind2="#">
            <subfield code="a">YOPDYOG</subfield>
          </datafield>
          <datafield tag="999" ind1="#" ind2="#">
            <subfield code="a">07-A/0026163</subfield>
          </datafield>
          <datafield tag="856" ind1="4" ind2="0">
            <subfield code="u">http://balaiyanpus.jogjaprov.go.id/opac/detail-opac?id=172</subfield>
          </datafield>
        </record>
      </metadata>
    </record>