
    <record>
      <header>
        <identifier>oai:balaiyanpus.jogjaprov.go.id:173</identifier>
        <datestamp/>
      </header>
      <metadata>
        <record xmlns="http://www.loc.gov/MARC21/slim" xmlns:xsi="http://www.w3.org/2001/XMLSchema-instance" xsi:schemaLocation="http://www.loc.gov/MARC21/slim http://www.loc.gov/standards/marcxml/schema/MARC21slim.xsd">
          <controlfield tag="001">YOGYA-02090000043876</controlfield>
          <datafield tag="001" ind1="#" ind2="#">
            <subfield code="$">YOGYA-02090000043876</subfield>
          </datafield>
          <controlfield tag="005">20150429090500.0</controlfield>
          <datafield tag="005" ind1="#" ind2="#">
            <subfield code="$">20150429090500.0</subfield>
          </datafield>
          <datafield tag="008" ind1="#" ind2="#">
            <subfield code="$">                                   ind  </subfield>
          </datafield>
          <datafield tag="035" ind1="#" ind2="#">
            <subfield code="a">0010-020900000043876</subfield>
          </datafield>
          <datafield tag="082" ind1="#" ind2="#">
            <subfield code="2">22</subfield>
            <subfield code="a">307.72</subfield>
          </datafield>
          <datafield tag="090" ind1="#" ind2="#">
            <subfield code="a">307.72</subfield>
            <subfield code="b">Kus H</subfield>
          </datafield>
          <datafield tag="100" ind1="#" ind2="#">
            <subfield code="a">KUSMANTO, Gatot</subfield>
          </datafield>
          <datafield tag="245" ind1="#" ind2="#">
            <subfield code="a">Hubungan tingkat pendidikan dengan partisipasi masyarakat dalam pembangunan fisik desa di desa Kenoyojayan, Kecamatan Ambal, Kabupaten Kebumen Propinsi Jawa Tengah</subfield>
            <subfield code="c">disusun oleh Gatot Kusmanto</subfield>
          </datafield>
          <datafield tag="260" ind1="#" ind2="#">
            <subfield code="a">Yogyakarta</subfield>
            <subfield code="b">Sosiatri STPMD APMD</subfield>
            <subfield code="c">1994</subfield>
          </datafield>
          <datafield tag="300" ind1="#" ind2="#">
            <subfield code="a">xii, 93, [17] lembar :</subfield>
            <subfield code="b">ilus. ;</subfield>
            <subfield code="c">29 cm.</subfield>
          </datafield>
          <datafield tag="500" ind1="#" ind2="#">
            <subfield code="a">Skripsi jurusan Sosiatri STPMD APMD Yogyakarta</subfield>
          </datafield>
          <datafield tag="500" ind1="#" ind2="#">
            <subfield code="a">Bibliografi : lembar [108-110]</subfield>
          </datafield>
          <datafield tag="650" ind1="#" ind2="#">
            <subfield code="a">Pembangunan desa</subfield>
          </datafield>
          <datafield tag="850" ind1="#" ind2="#">
            <subfield code="a">YOPDYOG</subfield>
          </datafield>
          <datafield tag="990" ind1="#" ind2="#">
            <subfield code="a">26499-PD/A.07</subfield>
          </datafield>
          <datafield tag="856" ind1="4" ind2="0">
            <subfield code="u">http://balaiyanpus.jogjaprov.go.id/opac/detail-opac?id=173</subfield>
          </datafield>
        </record>
      </metadata>
    </record>