
    <record>
      <header>
        <identifier>oai:balaiyanpus.jogjaprov.go.id:174</identifier>
        <datestamp/>
      </header>
      <metadata>
        <record xmlns="http://www.loc.gov/MARC21/slim" xmlns:xsi="http://www.w3.org/2001/XMLSchema-instance" xsi:schemaLocation="http://www.loc.gov/MARC21/slim http://www.loc.gov/standards/marcxml/schema/MARC21slim.xsd">
          <controlfield tag="001">YOGYA-02090000044312</controlfield>
          <datafield tag="001" ind1="#" ind2="#">
            <subfield code="$">YOGYA-02090000044312</subfield>
          </datafield>
          <controlfield tag="005">20150429090615.0</controlfield>
          <datafield tag="005" ind1="#" ind2="#">
            <subfield code="$">20150429090615.0</subfield>
          </datafield>
          <datafield tag="008" ind1="#" ind2="#">
            <subfield code="$">                                   ind  </subfield>
          </datafield>
          <datafield tag="035" ind1="#" ind2="#">
            <subfield code="a">0010-020900000044312</subfield>
          </datafield>
          <datafield tag="090" ind1="#" ind2="#">
            <subfield code="a">SK 352.2</subfield>
            <subfield code="b">Har P</subfield>
          </datafield>
          <datafield tag="100" ind1="#" ind2="#">
            <subfield code="a">HARDIYATMOKO</subfield>
          </datafield>
          <datafield tag="245" ind1="#" ind2="#">
            <subfield code="a">Pelaksanaan organisasi dan tata kerja Sekretariat Wilayah/ Daerah di propinsi daerah Istimewa Yogyakarta setelah berlakunya surat keputusan Mentri Dalam Negeri No. 240 Tahun 1980</subfield>
            <subfield code="c">/ Hardiyatmoko</subfield>
          </datafield>
          <datafield tag="260" ind1="#" ind2="#">
            <subfield code="a">Yogyakarta</subfield>
            <subfield code="b">Fakultas Hukum Universitas Islam Indonesia</subfield>
            <subfield code="c">1986</subfield>
          </datafield>
          <datafield tag="300" ind1="#" ind2="#">
            <subfield code="a">viii,105 lemb</subfield>
            <subfield code="c">33 cm</subfield>
          </datafield>
          <datafield tag="500" ind1="#" ind2="#">
            <subfield code="a">Skripsi : Fakultas Hukum Universitas Islam Indonesia Yogyakarta</subfield>
          </datafield>
          <datafield tag="650" ind1="#" ind2="#">
            <subfield code="a">Pemerintah Daerah - Organisasi</subfield>
          </datafield>
          <datafield tag="850" ind1="#" ind2="#">
            <subfield code="a">YOPDYOG</subfield>
          </datafield>
          <datafield tag="990" ind1="#" ind2="#">
            <subfield code="a">26985-PD/A.07</subfield>
          </datafield>
          <datafield tag="856" ind1="4" ind2="0">
            <subfield code="u">http://balaiyanpus.jogjaprov.go.id/opac/detail-opac?id=174</subfield>
          </datafield>
        </record>
      </metadata>
    </record>