
    <record>
      <header>
        <identifier>oai:balaiyanpus.jogjaprov.go.id:175</identifier>
        <datestamp/>
      </header>
      <metadata>
        <record xmlns="http://www.loc.gov/MARC21/slim" xmlns:xsi="http://www.w3.org/2001/XMLSchema-instance" xsi:schemaLocation="http://www.loc.gov/MARC21/slim http://www.loc.gov/standards/marcxml/schema/MARC21slim.xsd">
          <controlfield tag="001">YOGYA-02090000044668</controlfield>
          <datafield tag="001" ind1="#" ind2="#">
            <subfield code="$">YOGYA-02090000044668</subfield>
          </datafield>
          <controlfield tag="005">20150429090256.0</controlfield>
          <datafield tag="005" ind1="#" ind2="#">
            <subfield code="$">20150429090256.0</subfield>
          </datafield>
          <datafield tag="008" ind1="#" ind2="#">
            <subfield code="$">                                   ind  </subfield>
          </datafield>
          <datafield tag="035" ind1="#" ind2="#">
            <subfield code="a">0010-020900000044668</subfield>
          </datafield>
          <datafield tag="082" ind1="#" ind2="#">
            <subfield code="a">297.74</subfield>
          </datafield>
          <datafield tag="090" ind1="#" ind2="#">
            <subfield code="a">297.74</subfield>
            <subfield code="b">Nur P</subfield>
          </datafield>
          <datafield tag="100" ind1="#" ind2="#">
            <subfield code="a">NUR, Siti Latifah</subfield>
          </datafield>
          <datafield tag="245" ind1="#" ind2="#">
            <subfield code="a">Persepsi remaja Islam terhadap aktvitas himpunan remaja masjid di desa Sidorejo Kecamatan Godean Kabupaten Sleman</subfield>
            <subfield code="c">/ Siti Latifah Nur</subfield>
          </datafield>
          <datafield tag="260" ind1="#" ind2="#">
            <subfield code="a">Yogyakarta</subfield>
            <subfield code="b">Fak. Dakwah IAIN Sunan Kalijaga</subfield>
            <subfield code="c">1996</subfield>
          </datafield>
          <datafield tag="300" ind1="#" ind2="#">
            <subfield code="a">xi, 67, [21] lembar :</subfield>
            <subfield code="b">ilus. ;</subfield>
            <subfield code="c">30 cm.</subfield>
          </datafield>
          <datafield tag="500" ind1="#" ind2="#">
            <subfield code="a">Skripsi Fak. Dakwah IAIN Sunan Kalijaga Yogyakarta</subfield>
          </datafield>
          <datafield tag="500" ind1="#" ind2="#">
            <subfield code="a">Bibliografi : lembar [68]</subfield>
          </datafield>
          <datafield tag="650" ind1="#" ind2="#">
            <subfield code="a">Dakwah Islam</subfield>
          </datafield>
          <datafield tag="850" ind1="#" ind2="#">
            <subfield code="a">YOPDYOG</subfield>
          </datafield>
          <datafield tag="990" ind1="#" ind2="#">
            <subfield code="a">28002-PD/A.07</subfield>
          </datafield>
          <datafield tag="856" ind1="4" ind2="0">
            <subfield code="u">http://balaiyanpus.jogjaprov.go.id/opac/detail-opac?id=175</subfield>
          </datafield>
        </record>
      </metadata>
    </record>