
    <record>
      <header>
        <identifier>oai:balaiyanpus.jogjaprov.go.id:180</identifier>
        <datestamp/>
      </header>
      <metadata>
        <record xmlns="http://www.loc.gov/MARC21/slim" xmlns:xsi="http://www.w3.org/2001/XMLSchema-instance" xsi:schemaLocation="http://www.loc.gov/MARC21/slim http://www.loc.gov/standards/marcxml/schema/MARC21slim.xsd">
          <controlfield tag="001">YOGYA-02090000052393</controlfield>
          <datafield tag="001" ind1="#" ind2="#">
            <subfield code="$">YOGYA-02090000052393</subfield>
          </datafield>
          <controlfield tag="005">20141208134347.0</controlfield>
          <datafield tag="005" ind1="#" ind2="#">
            <subfield code="$">20141208134347.0</subfield>
          </datafield>
          <datafield tag="008" ind1="#" ind2="#">
            <subfield code="$">                                   ind  </subfield>
          </datafield>
          <datafield tag="035" ind1="#" ind2="#">
            <subfield code="a">0010-020900000052393</subfield>
          </datafield>
          <datafield tag="040" ind1="#" ind2="#">
            <subfield code="a">YOPDYOG</subfield>
          </datafield>
          <datafield tag="082" ind1="#" ind2="#">
            <subfield code="a">499.2304</subfield>
          </datafield>
          <datafield tag="090" ind1="#" ind2="#">
            <subfield code="a">499.2304</subfield>
            <subfield code="b">Pro V</subfield>
          </datafield>
          <datafield tag="110" ind1="#" ind2="#">
            <subfield code="a">Proyek inventarisasi dan dokumentasi kebudayaan daerah</subfield>
          </datafield>
          <datafield tag="245" ind1="#" ind2="#">
            <subfield code="a">Ungkapan tradisional sebagai sumber informasi kebudayaan daerah Nusa Tenggara Barat</subfield>
            <subfield code="c">Proyek inventarisasi dan dokumentasi</subfield>
          </datafield>
          <datafield tag="260" ind1="#" ind2="#">
            <subfield code="a">Jakarta</subfield>
            <subfield code="b">Departemen pendidikan dan kebudayaan</subfield>
            <subfield code="c">1984</subfield>
          </datafield>
          <datafield tag="300" ind1="#" ind2="#">
            <subfield code="a">xxi, 131 hlm.</subfield>
            <subfield code="c">23 cm.</subfield>
          </datafield>
          <datafield tag="500" ind1="#" ind2="#">
            <subfield code="a">Bibliografi : hlm. 131</subfield>
          </datafield>
          <datafield tag="850" ind1="#" ind2="#">
            <subfield code="a">YOPDYOG</subfield>
          </datafield>
          <datafield tag="990" ind1="#" ind2="#">
            <subfield code="a">a000064297</subfield>
          </datafield>
          <datafield tag="856" ind1="4" ind2="0">
            <subfield code="u">http://balaiyanpus.jogjaprov.go.id/opac/detail-opac?id=180</subfield>
          </datafield>
        </record>
      </metadata>
    </record>