
    <record>
      <header>
        <identifier>oai:balaiyanpus.jogjaprov.go.id:182</identifier>
        <datestamp/>
      </header>
      <metadata>
        <record xmlns="http://www.loc.gov/MARC21/slim" xmlns:xsi="http://www.w3.org/2001/XMLSchema-instance" xsi:schemaLocation="http://www.loc.gov/MARC21/slim http://www.loc.gov/standards/marcxml/schema/MARC21slim.xsd">
          <controlfield tag="001">YOGYA-02090000054775</controlfield>
          <datafield tag="001" ind1="#" ind2="#">
            <subfield code="$">YOGYA-02090000054775</subfield>
          </datafield>
          <controlfield tag="005">20150407153139.0</controlfield>
          <datafield tag="005" ind1="#" ind2="#">
            <subfield code="$">20150407153139.0</subfield>
          </datafield>
          <datafield tag="008" ind1="#" ind2="#">
            <subfield code="$">                                   ind  </subfield>
          </datafield>
          <datafield tag="020" ind1="#" ind2="#">
            <subfield code="a">979-21-0683-9</subfield>
          </datafield>
          <datafield tag="035" ind1="#" ind2="#">
            <subfield code="a">0010-020900000054775</subfield>
          </datafield>
          <datafield tag="082" ind1="#" ind2="#">
            <subfield code="a">242.2</subfield>
          </datafield>
          <datafield tag="090" ind1="#" ind2="#">
            <subfield code="a">DEP 242.2 Kep</subfield>
          </datafield>
          <datafield tag="245" ind1="#" ind2="#">
            <subfield code="a">KEPADAMU kupersembahkan</subfield>
            <subfield code="b">: persembahan harian, ujud doa, dan kalender liturgi tahun 2003</subfield>
            <subfield code="c">/ Sekretariat Nasional Kerasulan Doa Indonesia</subfield>
          </datafield>
          <datafield tag="260" ind1="#" ind2="#">
            <subfield code="a">Yogyakarta</subfield>
            <subfield code="b">Kanisius</subfield>
            <subfield code="c">2003</subfield>
          </datafield>
          <datafield tag="300" ind1="#" ind2="#">
            <subfield code="a">52 hlm.</subfield>
            <subfield code="c">15 cm.</subfield>
          </datafield>
          <datafield tag="650" ind1="#" ind2="#">
            <subfield code="a">Doa - Harian dan liturgi</subfield>
          </datafield>
          <datafield tag="711" ind1="#" ind2="#">
            <subfield code="a">Sekretariat Nasional Kerasulan Doa Indonesia</subfield>
          </datafield>
          <datafield tag="850" ind1="#" ind2="#">
            <subfield code="a">YOPDYOG</subfield>
          </datafield>
          <datafield tag="999" ind1="#" ind2="#">
            <subfield code="a">CB-D.11-2003-082</subfield>
          </datafield>
          <datafield tag="856" ind1="4" ind2="0">
            <subfield code="u">http://balaiyanpus.jogjaprov.go.id/opac/detail-opac?id=182</subfield>
          </datafield>
        </record>
      </metadata>
    </record>
    <resumptionToken expirationDate="2025-10-03T10:05:19Z" completeListSize="257254" cursor="100">100____marcxml</resumptionToken>
  </ListRecords>
</OAI-PMH>
